
   <marc:record>
      <marc:leader>     cam a22        4500</marc:leader>
      <marc:controlfield tag="001">323874371</marc:controlfield>
      <marc:controlfield tag="003">DE-576</marc:controlfield>
      <marc:controlfield tag="005">20210611143659.0</marc:controlfield>
      <marc:controlfield tag="007">tu</marc:controlfield>
      <marc:controlfield tag="008">100406s2010    gw ||||| c    00| ||ger c</marc:controlfield>
      <marc:datafield tag="015" ind1=" " ind2=" ">
         <marc:subfield code="a">10,N13</marc:subfield>
         <marc:subfield code="2">dnb</marc:subfield>
      </marc:datafield>
      <marc:datafield tag="015" ind1=" " ind2=" ">
         <marc:subfield code="a">10,N13</marc:subfield>
         <marc:subfield code="2">dnb</marc:subfield>
      </marc:datafield>
      <marc:datafield tag="016" ind1="7" ind2=" ">
         <marc:subfield code="a">1001110080</marc:subfield>
         <marc:subfield code="2">DE-101</marc:subfield>
      </marc:datafield>
      <marc:datafield tag="020" ind1=" " ind2=" ">
         <marc:subfield code="a">9783931936853</marc:subfield>
         <marc:subfield code="c">GB. : EUR 79.90, Dt.</marc:subfield>
         <marc:subfield code="9">978-3-931936-85-3</marc:subfield>
      </marc:datafield>
      <marc:datafield tag="020" ind1=" " ind2=" ">
         <marc:subfield code="a">9783931936860</marc:subfield>
         <marc:subfield code="c">Engl.</marc:subfield>
         <marc:subfield code="9">978-3-931936-86-0</marc:subfield>
      </marc:datafield>
      <marc:datafield tag="024" ind1="3" ind2=" ">
         <marc:subfield code="a">9783931936853</marc:subfield>
      </marc:datafield>
      <marc:datafield tag="035" ind1=" " ind2=" ">
         <marc:subfield code="a">(DE-627)623058952</marc:subfield>
      </marc:datafield>
      <marc:datafield tag="035" ind1=" " ind2=" ">
         <marc:subfield code="a">(DE-576)323874371</marc:subfield>
      </marc:datafield>
      <marc:datafield tag="035" ind1=" " ind2=" ">
         <marc:subfield code="a">(DE-599)DNB1001110080</marc:subfield>
      </marc:datafield>
      <marc:datafield tag="035" ind1=" " ind2=" ">
         <marc:subfield code="a">(OCoLC)845695301</marc:subfield>
      </marc:datafield>
      <marc:datafield tag="035" ind1=" " ind2=" ">
         <marc:subfield code="a">(OCoLC)650539947</marc:subfield>
      </marc:datafield>
      <marc:datafield tag="035" ind1=" " ind2=" ">
         <marc:subfield code="a">(DE-101)1001110080</marc:subfield>
      </marc:datafield>
      <marc:datafield tag="040" ind1=" " ind2=" ">
         <marc:subfield code="a">DE-576</marc:subfield>
         <marc:subfield code="b">ger</marc:subfield>
         <marc:subfield code="c">DE-576</marc:subfield>
         <marc:subfield code="e">rakwb</marc:subfield>
      </marc:datafield>
      <marc:datafield tag="041" ind1=" " ind2=" ">
         <marc:subfield code="a">ger</marc:subfield>
      </marc:datafield>
      <marc:datafield tag="044" ind1=" " ind2=" ">
         <marc:subfield code="c">XA-DE-BW</marc:subfield>
      </marc:datafield>
      <marc:datafield tag="082" ind1="0" ind2=" ">
         <marc:subfield code="a">700</marc:subfield>
         <marc:subfield code="q">BSZ</marc:subfield>
      </marc:datafield>
      <marc:datafield tag="082" ind1="0" ind2=" ">
         <marc:subfield code="a">701.08</marc:subfield>
      </marc:datafield>
      <marc:datafield tag="082" ind1="0" ind2="4">
         <marc:subfield code="a">700</marc:subfield>
         <marc:subfield code="q">DNB</marc:subfield>
      </marc:datafield>
      <marc:datafield tag="084" ind1=" " ind2=" ">
         <marc:subfield code="a">9,10</marc:subfield>
         <marc:subfield code="a">9,11</marc:subfield>
         <marc:subfield code="2">ssgn</marc:subfield>
      </marc:datafield>
      <marc:datafield tag="084" ind1=" " ind2=" ">
         <marc:subfield code="a">9,11</marc:subfield>
         <marc:subfield code="a">9,10</marc:subfield>
         <marc:subfield code="2">ssgn</marc:subfield>
      </marc:datafield>
      <marc:datafield tag="084" ind1=" " ind2=" ">
         <marc:subfield code="a">LI 85680</marc:subfield>
         <marc:subfield code="2">rvk</marc:subfield>
         <marc:subfield code="0">(DE-625)rvk/97186:</marc:subfield>
      </marc:datafield>
      <marc:datafield tag="084" ind1=" " ind2=" ">
         <marc:subfield code="a">20.00</marc:subfield>
         <marc:subfield code="2">bkl</marc:subfield>
      </marc:datafield>
      <marc:datafield tag="084" ind1=" " ind2=" ">
         <marc:subfield code="a">21.82</marc:subfield>
         <marc:subfield code="2">bkl</marc:subfield>
      </marc:datafield>
      <marc:datafield tag="084" ind1=" " ind2=" ">
         <marc:subfield code="a">56.62</marc:subfield>
         <marc:subfield code="2">bkl</marc:subfield>
      </marc:datafield>
      <marc:datafield tag="245" ind1="1" ind2="0">
         <marc:subfield code="a">Rudolf Steiner - Die Alchemie des Alltags</marc:subfield>
         <marc:subfield code="b">[anlässlich der Ausstellung "Rudolf Steiner - Die Alchemie des Alltags", Kunstmuseum Wolfsburg 12.05.2010 - 03.10.2010, Kunstmuseum Stuttgart 05.02.2011 - 22.05.2011, Vitra Design Museum September 2011 - März 2012, weitere Ausstellungsstationen in Planung]</marc:subfield>
         <marc:subfield code="c">[Hrsg.: Mateo Kries ...]</marc:subfield>
      </marc:datafield>
      <marc:datafield tag="246" ind1="3" ind2="0">
         <marc:subfield code="a">NICHT VERLEIHBAR</marc:subfield>
      </marc:datafield>
      <marc:datafield tag="264" ind1=" " ind2="1">
         <marc:subfield code="a">Weil am Rhein</marc:subfield>
         <marc:subfield code="b">Vitra Design Museum</marc:subfield>
         <marc:subfield code="c">2010</marc:subfield>
      </marc:datafield>
      <marc:datafield tag="300" ind1=" " ind2=" ">
         <marc:subfield code="a">335 S</marc:subfield>
         <marc:subfield code="b">zahlr. Ill</marc:subfield>
         <marc:subfield code="c">285 mm x 210 mm</marc:subfield>
      </marc:datafield>
      <marc:datafield tag="336" ind1=" " ind2=" ">
         <marc:subfield code="a">Text</marc:subfield>
         <marc:subfield code="b">txt</marc:subfield>
         <marc:subfield code="2">rdacontent</marc:subfield>
      </marc:datafield>
      <marc:datafield tag="336" ind1=" " ind2=" ">
         <marc:subfield code="a">unbewegtes Bild</marc:subfield>
         <marc:subfield code="b">sti</marc:subfield>
         <marc:subfield code="2">rdacontent</marc:subfield>
      </marc:datafield>
      <marc:datafield tag="337" ind1=" " ind2=" ">
         <marc:subfield code="a">ohne Hilfsmittel zu benutzen</marc:subfield>
         <marc:subfield code="b">n</marc:subfield>
         <marc:subfield code="2">rdamedia</marc:subfield>
      </marc:datafield>
      <marc:datafield tag="338" ind1=" " ind2=" ">
         <marc:subfield code="a">Band</marc:subfield>
         <marc:subfield code="b">nc</marc:subfield>
         <marc:subfield code="2">rdacarrier</marc:subfield>
      </marc:datafield>
      <marc:datafield tag="520" ind1=" " ind2=" ">
         <marc:subfield code="a">Rudolf Steiner ist einer der wichtigsten Reformer des 20. Jahrhunderts. Er begründete die Bewegung der Waldorf-Schulen, gab der alternativen Landwirtschaft und Medizin entscheidende Impulse, hinterließ aber auch als Architekt, Designer und Künstler ein umfassendes Werk. Steiners architektonisches Hauptwerk, das Goetheanum (1924 - 1928) im schweizerischen Dornach, ist ein Schlüsselwerk in der Architektur der frühen Moderne - nie zuvor wurde Beton in einer solchen Dimension so skulptural eingesetzt. Als Künstler beeinflusste Steiner Personen wie Piet Mondrian, Wassily Kandinsky und Joseph Beuys, doch auch Gegenwartskünstler wie Olafur Eliasson und Tony Cragg beziehen wichtige Anregungen von ihm.  - Das Buch "Rudolf Steiner - Die Alchemie des Alltags" gibt zum ersten Mal eine umfassende Übersicht über Steiners gestalterisches Werk, zeigt aber zugleich auch seine historischen Wurzeln und seine Wirkungsgeschichte. Mehrere Essays namhafter Autoren nähern sich dem Phänomen Steiner aus unterschiedlichen Richtungen, etwa mit Essays zu seinem Zeitkontext, zu seiner Verbindung von Natur- und Geisteswissenschaft, mit seiner Architektur, seinem Design, seinem Bühnenwerk und seinem Einfluss auf Tendenzen der Gegenwartskunst. Ergänzt werden sie um einen umfangreichen Katalogteil, der die wichtigen Werke Steiners zeigt und sie mit denen bedeutender Zeitgenossen und Gegenwartskünstler konfrontiert. Eine bebilderte Biographie vervollständigt dieses Buch, mit dem eine wichtige Figur des 20. Jahrhunderts erstmals wieder einer breiten Öffentlichkeit vorgestellt werden soll</marc:subfield>
      </marc:datafield>
      <marc:datafield tag="583" ind1="1" ind2=" ">
         <marc:subfield code="a">Archivierung/Langzeitarchivierung gewährleistet</marc:subfield>
         <marc:subfield code="f">PEBW</marc:subfield>
         <marc:subfield code="2">pdager</marc:subfield>
         <marc:subfield code="5">DE-31</marc:subfield>
      </marc:datafield>
      <marc:datafield tag="591" ind1=" " ind2=" ">
         <marc:subfield code="a">5090: ddsu/sred; 5550: S1LB10/sred ; IMD-Felder und 1131 maschinell ergänzt (SWB)</marc:subfield>
      </marc:datafield>
      <marc:datafield tag="655" ind1=" " ind2="7">
         <marc:subfield code="a">Ausstellungskatalog</marc:subfield>
         <marc:subfield code="y">2010</marc:subfield>
         <marc:subfield code="z">Wolfsburg</marc:subfield>
         <marc:subfield code="0">(DE-588)4135467-9</marc:subfield>
         <marc:subfield code="0">(DE-627)10566491X</marc:subfield>
         <marc:subfield code="0">(DE-576)209660988</marc:subfield>
         <marc:subfield code="2">gnd-content</marc:subfield>
      </marc:datafield>
      <marc:datafield tag="689" ind1="0" ind2="0">
         <marc:subfield code="D">p</marc:subfield>
         <marc:subfield code="0">(DE-588)118617443</marc:subfield>
         <marc:subfield code="0">(DE-627)133368343</marc:subfield>
         <marc:subfield code="0">(DE-576)163181322</marc:subfield>
         <marc:subfield code="a">Steiner, Rudolf</marc:subfield>
         <marc:subfield code="d">1861-1925</marc:subfield>
         <marc:subfield code="2">gnd</marc:subfield>
      </marc:datafield>
      <marc:datafield tag="689" ind1="0" ind2=" ">
         <marc:subfield code="5">(DE-627)</marc:subfield>
      </marc:datafield>
      <marc:datafield tag="700" ind1="1" ind2=" ">
         <marc:subfield code="a">Kries, Mateo</marc:subfield>
         <marc:subfield code="d">1974-</marc:subfield>
         <marc:subfield code="e">Hrsg.</marc:subfield>
         <marc:subfield code="0">(DE-588)14166696X</marc:subfield>
         <marc:subfield code="0">(DE-627)630411336</marc:subfield>
         <marc:subfield code="0">(DE-576)325236615</marc:subfield>
         <marc:subfield code="4">edt</marc:subfield>
      </marc:datafield>
      <marc:datafield tag="700" ind1="1" ind2=" ">
         <marc:subfield code="a">Steiner, Rudolf</marc:subfield>
         <marc:subfield code="d">1861-1925</marc:subfield>
         <marc:subfield code="0">(DE-588)118617443</marc:subfield>
         <marc:subfield code="0">(DE-627)133368343</marc:subfield>
         <marc:subfield code="0">(DE-576)163181322</marc:subfield>
         <marc:subfield code="4">oth</marc:subfield>
      </marc:datafield>
      <marc:datafield tag="700" ind1="1" ind2=" ">
         <marc:subfield code="a">Steiner, Rudolf</marc:subfield>
         <marc:subfield code="d">1861-1925</marc:subfield>
         <marc:subfield code="0">(DE-588)118617443</marc:subfield>
         <marc:subfield code="0">(DE-627)133368343</marc:subfield>
         <marc:subfield code="0">(DE-576)163181322</marc:subfield>
         <marc:subfield code="4">oth</marc:subfield>
      </marc:datafield>
      <marc:datafield tag="710" ind1="2" ind2=" ">
         <marc:subfield code="a">Kunstmuseum Wolfsburg</marc:subfield>
         <marc:subfield code="0">(DE-588)2136214-2</marc:subfield>
         <marc:subfield code="0">(DE-627)15244243X</marc:subfield>
         <marc:subfield code="0">(DE-576)194781720</marc:subfield>
         <marc:subfield code="4">oth</marc:subfield>
      </marc:datafield>
      <marc:datafield tag="710" ind1="2" ind2=" ">
         <marc:subfield code="a">Kunstmuseum Stuttgart</marc:subfield>
         <marc:subfield code="0">(DE-588)10099719-3</marc:subfield>
         <marc:subfield code="0">(DE-627)482568321</marc:subfield>
         <marc:subfield code="0">(DE-576)200223674</marc:subfield>
         <marc:subfield code="4">oth</marc:subfield>
      </marc:datafield>
      <marc:datafield tag="710" ind1="2" ind2=" ">
         <marc:subfield code="a">Vitra Design Museum</marc:subfield>
         <marc:subfield code="0">(DE-588)2113724-9</marc:subfield>
         <marc:subfield code="0">(DE-627)101385919</marc:subfield>
         <marc:subfield code="0">(DE-576)193561646</marc:subfield>
         <marc:subfield code="4">oth</marc:subfield>
      </marc:datafield>
      <marc:datafield tag="711" ind1="2" ind2=" ">
         <marc:subfield code="a">Ausstellung Rudolf Steiner - Die Alchemie des Alltags</marc:subfield>
         <marc:subfield code="d">2010 - 2012</marc:subfield>
         <marc:subfield code="c">Wolfsburg u.a.</marc:subfield>
         <marc:subfield code="0">(DE-588)16072408-9</marc:subfield>
         <marc:subfield code="0">(DE-627)630817693</marc:subfield>
         <marc:subfield code="0">(DE-576)325551758</marc:subfield>
         <marc:subfield code="4">oth</marc:subfield>
      </marc:datafield>
      <marc:datafield tag="776" ind1="0" ind2="8">
         <marc:subfield code="i">Engl. Ausg. u.d.T.</marc:subfield>
         <marc:subfield code="a">Rudolf Steiner - Alchemy of the everyday</marc:subfield>
         <marc:subfield code="w">(DE-101)1001110536</marc:subfield>
      </marc:datafield>
      <marc:datafield tag="787" ind1="0" ind2="8">
         <marc:subfield code="i">Rezensiert in</marc:subfield>
         <marc:subfield code="a">Zander, Helmut, 1957 - </marc:subfield>
         <marc:subfield code="t">[Rezension von: Mateo Kries, Alexander von Vegesack (Hg.), Rudolf Steiner – die Alchemie des Alltags - Markus Brüderlin (Hrsg.), Rudolf Steiner und die Kunst der Gegenwart]</marc:subfield>
         <marc:subfield code="d">Regensburg : Schnell und Steiner, 2010</marc:subfield>
         <marc:subfield code="w">(DE-627)1552810747</marc:subfield>
         <marc:subfield code="w">(DE-576)482810742</marc:subfield>
      </marc:datafield>
      <marc:datafield tag="850" ind1=" " ind2=" ">
         <marc:subfield code="a">aa</marc:subfield>
      </marc:datafield>
      <marc:datafield tag="856" ind1="4" ind2="2">
         <marc:subfield code="u">http://deposit.d-nb.de/cgi-bin/dokserv?id=3447640&amp;prov=M&amp;dok_var=1&amp;dok_ext=htm</marc:subfield>
         <marc:subfield code="q">text/html</marc:subfield>
         <marc:subfield code="x">Verlag</marc:subfield>
         <marc:subfield code="3">Inhaltstext</marc:subfield>
      </marc:datafield>
      <marc:datafield tag="856" ind1="4" ind2="2">
         <marc:subfield code="u">http://www.gbv.de/dms/weimar/toc/623058952_toc.pdf</marc:subfield>
         <marc:subfield code="m">V:DE-601</marc:subfield>
         <marc:subfield code="m">B:DE-Wim2</marc:subfield>
         <marc:subfield code="q">pdf/application</marc:subfield>
         <marc:subfield code="x">Verlag</marc:subfield>
         <marc:subfield code="y">Inhaltsverzeichnis</marc:subfield>
         <marc:subfield code="3">Inhaltsverzeichnis</marc:subfield>
      </marc:datafield>
      <marc:datafield tag="856" ind1="4" ind2="2">
         <marc:subfield code="u">http://bvbr.bib-bvb.de:8991/F?func=service&amp;doc_library=BVB01&amp;doc_number=020350056&amp;line_number=0001&amp;func_code=DB_RECORDS&amp;service_type=MEDIA</marc:subfield>
         <marc:subfield code="m">V:DE-604</marc:subfield>
         <marc:subfield code="q">application/pdf</marc:subfield>
         <marc:subfield code="3">Inhaltsverzeichnis</marc:subfield>
      </marc:datafield>
      <marc:datafield tag="889" ind1=" " ind2=" ">
         <marc:subfield code="w">(DE-576)505239000</marc:subfield>
      </marc:datafield>
      <marc:datafield tag="935" ind1=" " ind2=" ">
         <marc:subfield code="i">Blocktest</marc:subfield>
      </marc:datafield>
      <marc:datafield tag="936" ind1="r" ind2="v">
         <marc:subfield code="a">LI 85680</marc:subfield>
         <marc:subfield code="b">Steiner, Rudolf</marc:subfield>
         <marc:subfield code="k">Kunstgeschichte</marc:subfield>
         <marc:subfield code="k">Künstler-Monografien</marc:subfield>
         <marc:subfield code="k">Alphabetische Künstlerliste</marc:subfield>
         <marc:subfield code="k">Künstler S</marc:subfield>
         <marc:subfield code="k">Steiner, Rudolf</marc:subfield>
         <marc:subfield code="0">(DE-627)1270652974</marc:subfield>
         <marc:subfield code="0">(DE-625)rvk/97186:</marc:subfield>
         <marc:subfield code="0">(DE-576)200652974</marc:subfield>
      </marc:datafield>
      <marc:datafield tag="936" ind1="b" ind2="k">
         <marc:subfield code="a">20.00</marc:subfield>
         <marc:subfield code="j">Kunstwissenschaften: Allgemeines</marc:subfield>
         <marc:subfield code="0">(DE-627)106406493</marc:subfield>
      </marc:datafield>
      <marc:datafield tag="936" ind1="b" ind2="k">
         <marc:subfield code="a">21.82</marc:subfield>
         <marc:subfield code="j">Industriedesign</marc:subfield>
         <marc:subfield code="0">(DE-627)106421298</marc:subfield>
      </marc:datafield>
      <marc:datafield tag="936" ind1="b" ind2="k">
         <marc:subfield code="a">56.62</marc:subfield>
         <marc:subfield code="j">Architekturtheorie</marc:subfield>
         <marc:subfield code="j">Architekturentwicklung</marc:subfield>
         <marc:subfield code="0">(DE-627)181570572</marc:subfield>
      </marc:datafield>
      <marc:datafield tag="951" ind1=" " ind2=" ">
         <marc:subfield code="a">BO</marc:subfield>
      </marc:datafield>
   </marc:record>