
   <marc:record>
      <marc:leader>     cam a22        4500</marc:leader>
      <marc:controlfield tag="001">014849704</marc:controlfield>
      <marc:controlfield tag="003">DE-576</marc:controlfield>
      <marc:controlfield tag="005">20210430032727.0</marc:controlfield>
      <marc:controlfield tag="007">tu</marc:controlfield>
      <marc:controlfield tag="008">090118s1987    xx |||||      00| ||ger c</marc:controlfield>
      <marc:datafield tag="015" ind1=" " ind2=" ">
         <marc:subfield code="a">88,A23,0973</marc:subfield>
         <marc:subfield code="2">dnb</marc:subfield>
      </marc:datafield>
      <marc:datafield tag="016" ind1="7" ind2=" ">
         <marc:subfield code="a">880599448</marc:subfield>
         <marc:subfield code="2">DE-101</marc:subfield>
      </marc:datafield>
      <marc:datafield tag="020" ind1=" " ind2=" ">
         <marc:subfield code="a">3733300092</marc:subfield>
         <marc:subfield code="9">3-7333-0009-2</marc:subfield>
      </marc:datafield>
      <marc:datafield tag="035" ind1=" " ind2=" ">
         <marc:subfield code="a">(DE-627)589541242</marc:subfield>
      </marc:datafield>
      <marc:datafield tag="035" ind1=" " ind2=" ">
         <marc:subfield code="a">(DE-576)014849704</marc:subfield>
      </marc:datafield>
      <marc:datafield tag="035" ind1=" " ind2=" ">
         <marc:subfield code="a">(DE-599)GBV589541242</marc:subfield>
      </marc:datafield>
      <marc:datafield tag="035" ind1=" " ind2=" ">
         <marc:subfield code="a">(OCoLC)18741489</marc:subfield>
      </marc:datafield>
      <marc:datafield tag="035" ind1=" " ind2=" ">
         <marc:subfield code="a">(DE-615)00133887</marc:subfield>
      </marc:datafield>
      <marc:datafield tag="040" ind1=" " ind2=" ">
         <marc:subfield code="a">DE-576</marc:subfield>
         <marc:subfield code="b">ger</marc:subfield>
         <marc:subfield code="c">DE-576</marc:subfield>
         <marc:subfield code="e">rakwb</marc:subfield>
      </marc:datafield>
      <marc:datafield tag="041" ind1=" " ind2=" ">
         <marc:subfield code="a">ger</marc:subfield>
      </marc:datafield>
      <marc:datafield tag="044" ind1=" " ind2=" ">
         <marc:subfield code="c">XA-DDDE</marc:subfield>
      </marc:datafield>
      <marc:datafield tag="082" ind1="0" ind2=" ">
         <marc:subfield code="a">781.7/296</marc:subfield>
      </marc:datafield>
      <marc:datafield tag="084" ind1=" " ind2=" ">
         <marc:subfield code="a">LS 46377</marc:subfield>
         <marc:subfield code="2">rvk</marc:subfield>
         <marc:subfield code="0">(DE-625)rvk/110475:13339</marc:subfield>
      </marc:datafield>
      <marc:datafield tag="084" ind1=" " ind2=" ">
         <marc:subfield code="a">LS 46000</marc:subfield>
         <marc:subfield code="2">rvk</marc:subfield>
         <marc:subfield code="0">(DE-625)rvk/110464:</marc:subfield>
      </marc:datafield>
      <marc:datafield tag="084" ind1=" " ind2=" ">
         <marc:subfield code="a">AP 83200</marc:subfield>
         <marc:subfield code="2">rvk</marc:subfield>
         <marc:subfield code="0">(DE-625)rvk/8013:</marc:subfield>
      </marc:datafield>
      <marc:datafield tag="084" ind1=" " ind2=" ">
         <marc:subfield code="a">LS 16200</marc:subfield>
         <marc:subfield code="2">rvk</marc:subfield>
         <marc:subfield code="0">(DE-625)rvk/109915:</marc:subfield>
      </marc:datafield>
      <marc:datafield tag="245" ind1="1" ind2="0">
         <marc:subfield code="a">Musikkulturen in Afrika</marc:subfield>
         <marc:subfield code="c">hrsg. von Erich Stockmann</marc:subfield>
      </marc:datafield>
      <marc:datafield tag="250" ind1=" " ind2=" ">
         <marc:subfield code="a">1. Aufl.</marc:subfield>
      </marc:datafield>
      <marc:datafield tag="264" ind1=" " ind2="1">
         <marc:subfield code="a">Berlin</marc:subfield>
         <marc:subfield code="b">Verl. Neue Musik</marc:subfield>
         <marc:subfield code="c">1987</marc:subfield>
      </marc:datafield>
      <marc:datafield tag="300" ind1=" " ind2=" ">
         <marc:subfield code="a">304 S</marc:subfield>
         <marc:subfield code="b">Ill., Kt., Notenbeisp</marc:subfield>
         <marc:subfield code="e">2 Tab.</marc:subfield>
      </marc:datafield>
      <marc:datafield tag="336" ind1=" " ind2=" ">
         <marc:subfield code="a">Text</marc:subfield>
         <marc:subfield code="b">txt</marc:subfield>
         <marc:subfield code="2">rdacontent</marc:subfield>
      </marc:datafield>
      <marc:datafield tag="337" ind1=" " ind2=" ">
         <marc:subfield code="a">ohne Hilfsmittel zu benutzen</marc:subfield>
         <marc:subfield code="b">n</marc:subfield>
         <marc:subfield code="2">rdamedia</marc:subfield>
      </marc:datafield>
      <marc:datafield tag="338" ind1=" " ind2=" ">
         <marc:subfield code="a">Band</marc:subfield>
         <marc:subfield code="b">nc</marc:subfield>
         <marc:subfield code="2">rdacarrier</marc:subfield>
      </marc:datafield>
      <marc:datafield tag="500" ind1=" " ind2=" ">
         <marc:subfield code="a">Sonstige nichtbeteiligte Personen und Körperschaften: Wolfgang Laade [Collector]. Stiftung Niedersachsen, Hannover [Owner]</marc:subfield>
      </marc:datafield>
      <marc:datafield tag="591" ind1=" " ind2=" ">
         <marc:subfield code="a">720 ff. bvb ; IMD-Felder und 1131 maschinell ergänzt (SWB)</marc:subfield>
      </marc:datafield>
      <marc:datafield tag="650" ind1=" " ind2="4">
         <marc:subfield code="a">Ethnomusikologie</marc:subfield>
      </marc:datafield>
      <marc:datafield tag="650" ind1=" " ind2="4">
         <marc:subfield code="a">Afrika</marc:subfield>
      </marc:datafield>
      <marc:datafield tag="650" ind1=" " ind2="4">
         <marc:subfield code="a">Afrika</marc:subfield>
         <marc:subfield code="x">Musik</marc:subfield>
         <marc:subfield code="x">Musikinstrumente</marc:subfield>
         <marc:subfield code="x">Tradition</marc:subfield>
         <marc:subfield code="x">Traditionelle Kultur</marc:subfield>
         <marc:subfield code="x">Tanz</marc:subfield>
      </marc:datafield>
      <marc:datafield tag="689" ind1="0" ind2="0">
         <marc:subfield code="D">g</marc:subfield>
         <marc:subfield code="0">(DE-588)4053770-5</marc:subfield>
         <marc:subfield code="0">(DE-627)104370254</marc:subfield>
         <marc:subfield code="0">(DE-576)209105607</marc:subfield>
         <marc:subfield code="a">Subsaharisches Afrika</marc:subfield>
         <marc:subfield code="2">gnd</marc:subfield>
      </marc:datafield>
      <marc:datafield tag="689" ind1="0" ind2="1">
         <marc:subfield code="D">s</marc:subfield>
         <marc:subfield code="0">(DE-588)4040802-4</marc:subfield>
         <marc:subfield code="0">(DE-627)104137754</marc:subfield>
         <marc:subfield code="0">(DE-576)209042346</marc:subfield>
         <marc:subfield code="a">Musik</marc:subfield>
         <marc:subfield code="2">gnd</marc:subfield>
      </marc:datafield>
      <marc:datafield tag="689" ind1="0" ind2=" ">
         <marc:subfield code="5">DE-101</marc:subfield>
      </marc:datafield>
      <marc:datafield tag="700" ind1="1" ind2=" ">
         <marc:subfield code="a">Stockmann, Erich</marc:subfield>
         <marc:subfield code="d">1926-2003</marc:subfield>
         <marc:subfield code="e">Hrsg.</marc:subfield>
         <marc:subfield code="0">(DE-588)119461250</marc:subfield>
         <marc:subfield code="0">(DE-627)080275680</marc:subfield>
         <marc:subfield code="0">(DE-576)164934944</marc:subfield>
         <marc:subfield code="4">edt</marc:subfield>
      </marc:datafield>
      <marc:datafield tag="700" ind1="1" ind2=" ">
         <marc:subfield code="a">Laade, Wolfgang</marc:subfield>
         <marc:subfield code="d">1925-2013</marc:subfield>
         <marc:subfield code="0">(DE-588)1047657406</marc:subfield>
         <marc:subfield code="0">(DE-627)778744973</marc:subfield>
         <marc:subfield code="0">(DE-576)401462765</marc:subfield>
         <marc:subfield code="4">oth</marc:subfield>
      </marc:datafield>
      <marc:datafield tag="710" ind1="2" ind2=" ">
         <marc:subfield code="a">Stiftung Niedersachsen</marc:subfield>
         <marc:subfield code="e">Owner</marc:subfield>
         <marc:subfield code="0">(DE-588)2098897-7</marc:subfield>
         <marc:subfield code="0">(DE-627)100736114</marc:subfield>
         <marc:subfield code="0">(DE-576)192989448</marc:subfield>
         <marc:subfield code="4">oth</marc:subfield>
      </marc:datafield>
      <marc:datafield tag="856" ind1="4" ind2="2">
         <marc:subfield code="u">http://www.gbv.de/dms/hbz/toc/ht004737217.PDF</marc:subfield>
         <marc:subfield code="m">V:DE-605</marc:subfield>
         <marc:subfield code="v">2008-11-15</marc:subfield>
         <marc:subfield code="x">Verlag</marc:subfield>
         <marc:subfield code="y">Inhaltsverzeichnis</marc:subfield>
         <marc:subfield code="3">Inhaltsverzeichnis</marc:subfield>
      </marc:datafield>
      <marc:datafield tag="856" ind1="4" ind2="2">
         <marc:subfield code="u">http://digitale-objekte.hbz-nrw.de/webclient/DeliveryManager?pid=2440645&amp;custom_att_2=simple_viewer</marc:subfield>
         <marc:subfield code="x">Verlag</marc:subfield>
         <marc:subfield code="y">Musik-Kulturen in Afrika</marc:subfield>
         <marc:subfield code="3">Inhaltsverzeichnis</marc:subfield>
      </marc:datafield>
      <marc:datafield tag="935" ind1=" " ind2=" ">
         <marc:subfield code="a">WLMMA</marc:subfield>
         <marc:subfield code="a">BGTS</marc:subfield>
      </marc:datafield>
      <marc:datafield tag="935" ind1=" " ind2=" ">
         <marc:subfield code="i">Blocktest</marc:subfield>
      </marc:datafield>
      <marc:datafield tag="936" ind1="r" ind2="v">
         <marc:subfield code="a">LS 46377</marc:subfield>
         <marc:subfield code="b">Musikkultur allgemein</marc:subfield>
         <marc:subfield code="k">Musikwissenschaft</marc:subfield>
         <marc:subfield code="k">I. Musica theoretica</marc:subfield>
         <marc:subfield code="k">Musikalische Volks- und Völkerkunde: Musica theoretica</marc:subfield>
         <marc:subfield code="k">Afrikanische Musik - Theoretica</marc:subfield>
         <marc:subfield code="k">Afrika</marc:subfield>
         <marc:subfield code="k">Subsaharisches Afrika</marc:subfield>
         <marc:subfield code="k">Sachschlüssel zur Ethnomusikologie</marc:subfield>
         <marc:subfield code="k">Musikkultur allgemein</marc:subfield>
         <marc:subfield code="0">(DE-627)1398996130</marc:subfield>
         <marc:subfield code="0">(DE-625)rvk/110475:13339</marc:subfield>
         <marc:subfield code="0">(DE-576)328996130</marc:subfield>
      </marc:datafield>
      <marc:datafield tag="936" ind1="r" ind2="v">
         <marc:subfield code="a">LS 46000</marc:subfield>
         <marc:subfield code="b">Afrika</marc:subfield>
         <marc:subfield code="k">Musikwissenschaft</marc:subfield>
         <marc:subfield code="k">I. Musica theoretica</marc:subfield>
         <marc:subfield code="k">Musikalische Volks- und Völkerkunde: Musica theoretica</marc:subfield>
         <marc:subfield code="k">Afrikanische Musik - Theoretica</marc:subfield>
         <marc:subfield code="k">Afrika</marc:subfield>
         <marc:subfield code="0">(DE-627)127143508X</marc:subfield>
         <marc:subfield code="0">(DE-625)rvk/110464:</marc:subfield>
         <marc:subfield code="0">(DE-576)20143508X</marc:subfield>
      </marc:datafield>
      <marc:datafield tag="936" ind1="r" ind2="v">
         <marc:subfield code="a">AP 83200</marc:subfield>
         <marc:subfield code="b">Afrika</marc:subfield>
         <marc:subfield code="k">Allgemeines</marc:subfield>
         <marc:subfield code="k">Medien- und Kommunikationswissenschaften, Kommunikationsdesign</marc:subfield>
         <marc:subfield code="k">Tanz</marc:subfield>
         <marc:subfield code="k">Geschichte und Entwicklung</marc:subfield>
         <marc:subfield code="k">Tanzethnologie, Tanz und Ritual</marc:subfield>
         <marc:subfield code="k">Afrika</marc:subfield>
         <marc:subfield code="0">(DE-627)1270693220</marc:subfield>
         <marc:subfield code="0">(DE-625)rvk/8013:</marc:subfield>
         <marc:subfield code="0">(DE-576)200693220</marc:subfield>
      </marc:datafield>
      <marc:datafield tag="936" ind1="r" ind2="v">
         <marc:subfield code="a">LS 16200</marc:subfield>
         <marc:subfield code="b">Musikalische Völkerkunde</marc:subfield>
         <marc:subfield code="k">Musikwissenschaft</marc:subfield>
         <marc:subfield code="k">I. Musica theoretica</marc:subfield>
         <marc:subfield code="k">Musikalische Volks- und Völkerkunde: Musica theoretica</marc:subfield>
         <marc:subfield code="k">Allgemeines - Theoretica</marc:subfield>
         <marc:subfield code="k">Überblick zur Geschichte der Methodik der Musikalischen Volks- und Völkerkunde</marc:subfield>
         <marc:subfield code="k">Musikalische Völkerkunde</marc:subfield>
         <marc:subfield code="0">(DE-627)1271428334</marc:subfield>
         <marc:subfield code="0">(DE-625)rvk/109915:</marc:subfield>
         <marc:subfield code="0">(DE-576)201428334</marc:subfield>
      </marc:datafield>
      <marc:datafield tag="936" ind1="f" ind2="i">
         <marc:subfield code="a">RE</marc:subfield>
         <marc:subfield code="b">Afrika (insgesamt)</marc:subfield>
         <marc:subfield code="k">Afrika (insgesamt)</marc:subfield>
         <marc:subfield code="0">(DE-627)1756132852</marc:subfield>
         <marc:subfield code="2">fivr</marc:subfield>
      </marc:datafield>
      <marc:datafield tag="936" ind1="f" ind2="i">
         <marc:subfield code="a">SG08</marc:subfield>
         <marc:subfield code="b">Kultur/Sprache/Kunst</marc:subfield>
         <marc:subfield code="k">Gesellschaft</marc:subfield>
         <marc:subfield code="k">Kultur/Sprache/Kunst</marc:subfield>
         <marc:subfield code="0">(DE-627)1756136084</marc:subfield>
         <marc:subfield code="2">fivs</marc:subfield>
      </marc:datafield>
      <marc:datafield tag="938" ind1="1" ind2="0">
         <marc:subfield code="0">(DE-627)1756204535</marc:subfield>
         <marc:subfield code="0">(DE-615)800014263</marc:subfield>
         <marc:subfield code="a">Afrika</marc:subfield>
      </marc:datafield>
      <marc:datafield tag="938" ind1="1" ind2="0">
         <marc:subfield code="0">(DE-627)1756205051</marc:subfield>
         <marc:subfield code="0">(DE-615)800696171</marc:subfield>
         <marc:subfield code="a">Musik</marc:subfield>
      </marc:datafield>
      <marc:datafield tag="938" ind1="1" ind2="0">
         <marc:subfield code="0">(DE-627)175620702X</marc:subfield>
         <marc:subfield code="0">(DE-615)800594293</marc:subfield>
         <marc:subfield code="a">Musikinstrumente</marc:subfield>
      </marc:datafield>
      <marc:datafield tag="938" ind1="1" ind2="0">
         <marc:subfield code="0">(DE-627)175614088X</marc:subfield>
         <marc:subfield code="0">(DE-615)800678976</marc:subfield>
         <marc:subfield code="a">Tradition</marc:subfield>
      </marc:datafield>
      <marc:datafield tag="938" ind1="1" ind2="0">
         <marc:subfield code="0">(DE-627)1756205388</marc:subfield>
         <marc:subfield code="0">(DE-615)800658108</marc:subfield>
         <marc:subfield code="a">Traditionelle Kultur</marc:subfield>
      </marc:datafield>
      <marc:datafield tag="938" ind1="1" ind2="0">
         <marc:subfield code="0">(DE-627)1756164991</marc:subfield>
         <marc:subfield code="0">(DE-615)800294573</marc:subfield>
         <marc:subfield code="a">Tanz</marc:subfield>
      </marc:datafield>
      <marc:datafield tag="951" ind1=" " ind2=" ">
         <marc:subfield code="a">BO</marc:subfield>
      </marc:datafield>
   </marc:record>