
   <marc:record>
      <marc:leader>     cam a22        4500</marc:leader>
      <marc:controlfield tag="001">281181608</marc:controlfield>
      <marc:controlfield tag="003">DE-576</marc:controlfield>
      <marc:controlfield tag="005">20210215193528.0</marc:controlfield>
      <marc:controlfield tag="007">tu</marc:controlfield>
      <marc:controlfield tag="008">080701s2008    xxk|||||      00| ||eng c</marc:controlfield>
      <marc:datafield tag="010" ind1=" " ind2=" ">
         <marc:subfield code="a">  2007053042</marc:subfield>
      </marc:datafield>
      <marc:datafield tag="020" ind1=" " ind2=" ">
         <marc:subfield code="a">0521862388</marc:subfield>
         <marc:subfield code="c"> (hbk.)</marc:subfield>
         <marc:subfield code="9">0-521-86238-8</marc:subfield>
      </marc:datafield>
      <marc:datafield tag="020" ind1=" " ind2=" ">
         <marc:subfield code="a">0521680840</marc:subfield>
         <marc:subfield code="c"> (pbk.)</marc:subfield>
         <marc:subfield code="9">0-521-68084-0</marc:subfield>
      </marc:datafield>
      <marc:datafield tag="020" ind1=" " ind2=" ">
         <marc:subfield code="a">9780521862387</marc:subfield>
         <marc:subfield code="c"> :  (hbk.)</marc:subfield>
         <marc:subfield code="9">978-0-521-86238-7</marc:subfield>
      </marc:datafield>
      <marc:datafield tag="020" ind1=" " ind2=" ">
         <marc:subfield code="a">9780521680844</marc:subfield>
         <marc:subfield code="c"> :  (pbk.)</marc:subfield>
         <marc:subfield code="9">978-0-521-68084-4</marc:subfield>
      </marc:datafield>
      <marc:datafield tag="024" ind1="3" ind2=" ">
         <marc:subfield code="a">9780521680844</marc:subfield>
      </marc:datafield>
      <marc:datafield tag="035" ind1=" " ind2=" ">
         <marc:subfield code="a">(DE-627)571025943</marc:subfield>
      </marc:datafield>
      <marc:datafield tag="035" ind1=" " ind2=" ">
         <marc:subfield code="a">(DE-576)281181608</marc:subfield>
      </marc:datafield>
      <marc:datafield tag="035" ind1=" " ind2=" ">
         <marc:subfield code="a">(DE-599)GBV571025943</marc:subfield>
      </marc:datafield>
      <marc:datafield tag="035" ind1=" " ind2=" ">
         <marc:subfield code="a">(OCoLC)263714065</marc:subfield>
      </marc:datafield>
      <marc:datafield tag="035" ind1=" " ind2=" ">
         <marc:subfield code="a">(OCoLC)263714065</marc:subfield>
      </marc:datafield>
      <marc:datafield tag="040" ind1=" " ind2=" ">
         <marc:subfield code="a">DE-576</marc:subfield>
         <marc:subfield code="b">ger</marc:subfield>
         <marc:subfield code="c">DE-576</marc:subfield>
         <marc:subfield code="e">rakwb</marc:subfield>
      </marc:datafield>
      <marc:datafield tag="041" ind1=" " ind2=" ">
         <marc:subfield code="a">eng</marc:subfield>
      </marc:datafield>
      <marc:datafield tag="044" ind1=" " ind2=" ">
         <marc:subfield code="c">XA-GB</marc:subfield>
         <marc:subfield code="c">XD-US</marc:subfield>
         <marc:subfield code="c">XE-AU</marc:subfield>
      </marc:datafield>
      <marc:datafield tag="050" ind1=" " ind2="0">
         <marc:subfield code="a">ML2054</marc:subfield>
      </marc:datafield>
      <marc:datafield tag="082" ind1="0" ind2=" ">
         <marc:subfield code="a">782.14</marc:subfield>
         <marc:subfield code="q">BSZ</marc:subfield>
      </marc:datafield>
      <marc:datafield tag="084" ind1=" " ind2=" ">
         <marc:subfield code="a">9,2</marc:subfield>
         <marc:subfield code="2">ssgn</marc:subfield>
      </marc:datafield>
      <marc:datafield tag="084" ind1=" " ind2=" ">
         <marc:subfield code="a">LP 12210</marc:subfield>
         <marc:subfield code="2">rvk</marc:subfield>
         <marc:subfield code="0">(DE-625)rvk/105895:</marc:subfield>
      </marc:datafield>
      <marc:datafield tag="084" ind1=" " ind2=" ">
         <marc:subfield code="a">LR 54130</marc:subfield>
         <marc:subfield code="2">rvk</marc:subfield>
      </marc:datafield>
      <marc:datafield tag="084" ind1=" " ind2=" ">
         <marc:subfield code="a">AP 71200</marc:subfield>
         <marc:subfield code="2">rvk</marc:subfield>
         <marc:subfield code="0">(DE-625)rvk/7894:</marc:subfield>
      </marc:datafield>
      <marc:datafield tag="084" ind1=" " ind2=" ">
         <marc:subfield code="a">AP 87820</marc:subfield>
         <marc:subfield code="2">rvk</marc:subfield>
         <marc:subfield code="0">(DE-625)rvk/8097:</marc:subfield>
      </marc:datafield>
      <marc:datafield tag="084" ind1=" " ind2=" ">
         <marc:subfield code="a">24.62</marc:subfield>
         <marc:subfield code="2">bkl</marc:subfield>
      </marc:datafield>
      <marc:datafield tag="245" ind1="1" ind2="4">
         <marc:subfield code="a">The Cambridge companion to the musical</marc:subfield>
         <marc:subfield code="c">ed. by William A. Everett and Paul R. Laird</marc:subfield>
      </marc:datafield>
      <marc:datafield tag="246" ind1="3" ind2="3">
         <marc:subfield code="a">Musical</marc:subfield>
      </marc:datafield>
      <marc:datafield tag="250" ind1=" " ind2=" ">
         <marc:subfield code="a">2. ed.</marc:subfield>
      </marc:datafield>
      <marc:datafield tag="264" ind1=" " ind2="1">
         <marc:subfield code="a">Cambridge [u.a.]</marc:subfield>
         <marc:subfield code="b">Cambridge Univ. Press</marc:subfield>
         <marc:subfield code="c">2008</marc:subfield>
      </marc:datafield>
      <marc:datafield tag="300" ind1=" " ind2=" ">
         <marc:subfield code="a">XV, 412 S.</marc:subfield>
         <marc:subfield code="b">Ill.</marc:subfield>
         <marc:subfield code="c">26 cm</marc:subfield>
      </marc:datafield>
      <marc:datafield tag="336" ind1=" " ind2=" ">
         <marc:subfield code="a">Text</marc:subfield>
         <marc:subfield code="b">txt</marc:subfield>
         <marc:subfield code="2">rdacontent</marc:subfield>
      </marc:datafield>
      <marc:datafield tag="337" ind1=" " ind2=" ">
         <marc:subfield code="a">ohne Hilfsmittel zu benutzen</marc:subfield>
         <marc:subfield code="b">n</marc:subfield>
         <marc:subfield code="2">rdamedia</marc:subfield>
      </marc:datafield>
      <marc:datafield tag="338" ind1=" " ind2=" ">
         <marc:subfield code="a">Band</marc:subfield>
         <marc:subfield code="b">nc</marc:subfield>
         <marc:subfield code="2">rdacarrier</marc:subfield>
      </marc:datafield>
      <marc:datafield tag="490" ind1="0" ind2=" ">
         <marc:subfield code="a">Cambridge companions to music</marc:subfield>
         <marc:subfield code="a">topics</marc:subfield>
      </marc:datafield>
      <marc:datafield tag="500" ind1=" " ind2=" ">
         <marc:subfield code="a">Hier auch später erschienene, unveränderte Nachdrucke</marc:subfield>
      </marc:datafield>
      <marc:datafield tag="500" ind1=" " ind2=" ">
         <marc:subfield code="a">Includes bibliographical references and index</marc:subfield>
      </marc:datafield>
      <marc:datafield tag="501" ind1=" " ind2=" ">
         <marc:subfield code="a">before 1940. American musical theatre before the twentieth century / Katherine K. Preston ; Non-English-language musical theatre in the United States / John Koegel ; Birth pangs, growing pains and sibling rivalry : musical theatre in New York, 1900-1920 / Orly Leah Krasner ; American and British operetta in the 1920s : romance, nostalgia and adventure / William A. Everett ; Images of African Americans : African-American musical theatre, Showboat, and Porgy and Bess / John Graziano ; The melody (and the words) linger on : American musical comedies of the 1920s and 1930s / Geoffrey Block -- Maturations and formulations : 1940-1970. We said we wouldnt look back : British musical theatre, 1935-1960 / John Snelson ; The coming of the musical play : Rodgers and Hammerstein / Ann Sears ; The successors of Rodgers and Hammerstein from the 1940s to the 1960s / Thomas L. Riis and Ann Sears ; Musical sophistication on Broadway : Kurt Weill and Leonard Bernstein / Bruce D. McClung and Paul R. Laird -- Evolutions and integrations : after 1970. Stephen Sondheim and the musical of the outsider / Jim Lovensheimer ; Choreographers, directors and the fully integrated musical / Paul R. Laird ; From Hair to Rent : is rock a four-letter word on Broadway? / Scott Warfield ; The megamusical : the creation, internationalisation and impact of a genre / Paul Prece and William A. Everett ; Something borrowed, something blue : the marriage of the musical and Europe / Judith Sebesta ; New horizons : the musical at the dawn of the twenty-first century / Bud Coleman -- Legacies and transformations. Why do they start to sing and dance all of a sudden? Examining the film musical / Graham Wood ; Revisiting classic musicals : revivals, film, television and recordings / Jessica Sternfeld ; The creation of a Broadway musical : Stephen Schwartz, Winnie Holzman, and Wicked / Paul R. Laird</marc:subfield>
      </marc:datafield>
      <marc:datafield tag="520" ind1=" " ind2=" ">
         <marc:subfield code="a">Adaptations and transformations : before 1940. American musical theatre before the twentieth century / Katherine K. Preston ; Non-English-language musical theatre in the United States / John Koegel ; Birth pangs, growing pains and sibling rivalry : musical theatre in New York, 1900-1920 / Orly Leah Krasner ; American and British operetta in the 1920s : romance, nostalgia and adventure / William A. Everett ; Images of African Americans : African-American musical theatre, Showboat, and Porgy and Bess / John Graziano ; The melody (and the words) linger on : American musical comedies of the 1920s and 1930s / Geoffrey Block -- Maturations and formulations : 1940-1970. We said we wouldnt look back : British musical theatre, 1935-1960 / John Snelson ; The coming of the musical play : Rodgers and Hammerstein / Ann Sears ; The successors of Rodgers and Hammerstein from the 1940s to the 1960s / Thomas L. Riis and Ann Sears ; Musical sophistication on Broadway : Kurt Weill and Leonard Bernstein / Bruce D. McClung and Paul R. Laird -- Evolutions and integrations : after 1970. Stephen Sondheim and the musical of the outsider / Jim Lovensheimer ; Choreographers, directors and the fully integrated musical / Paul R. Laird ; From Hair to Rent : is rock a four-letter word on Broadway? / Scott Warfield ; The megamusical : the creation, internationalisation and impact of a genre / Paul Prece and William A. Everett ; Something borrowed, something blue : the marriage of the musical and Europe / Judith Sebesta ; New horizons : the musical at the dawn of the twenty-first century / Bud Coleman -- Legacies and transformations. Why do they start to sing and dance all of a sudden? Examining the film musical / Graham Wood ; Revisiting classic musicals : revivals, film, television and recordings / Jessica Sternfeld ; The creation of a Broadway musical : Stephen Schwartz, Winnie Holzman, and Wicked / Paul R. Laird</marc:subfield>
      </marc:datafield>
      <marc:datafield tag="591" ind1=" " ind2=" ">
         <marc:subfield code="a">5550: S1LB08/sred; 5090 maschinell aus ähnlichen Titelaufnahmen ergänzt ; IMD-Felder und 1131 maschinell ergänzt (SWB)</marc:subfield>
      </marc:datafield>
      <marc:datafield tag="650" ind1=" " ind2="0">
         <marc:subfield code="a">Musicals</marc:subfield>
         <marc:subfield code="x">History and criticism</marc:subfield>
      </marc:datafield>
      <marc:datafield tag="650" ind1=" " ind2="0">
         <marc:subfield code="a">Musical theater</marc:subfield>
         <marc:subfield code="x">History</marc:subfield>
      </marc:datafield>
      <marc:datafield tag="650" ind1=" " ind2="0">
         <marc:subfield code="a">Musicals</marc:subfield>
         <marc:subfield code="x">History and criticism</marc:subfield>
      </marc:datafield>
      <marc:datafield tag="650" ind1=" " ind2="0">
         <marc:subfield code="a">Musical theater</marc:subfield>
         <marc:subfield code="x">History</marc:subfield>
      </marc:datafield>
      <marc:datafield tag="655" ind1=" " ind2="7">
         <marc:subfield code="a">Aufsatzsammlung</marc:subfield>
         <marc:subfield code="0">(DE-588)4143413-4</marc:subfield>
         <marc:subfield code="0">(DE-627)105605727</marc:subfield>
         <marc:subfield code="0">(DE-576)209726091</marc:subfield>
         <marc:subfield code="2">gnd-content</marc:subfield>
      </marc:datafield>
      <marc:datafield tag="689" ind1="0" ind2="0">
         <marc:subfield code="D">s</marc:subfield>
         <marc:subfield code="0">(DE-588)4040801-2</marc:subfield>
         <marc:subfield code="0">(DE-627)104213191</marc:subfield>
         <marc:subfield code="0">(DE-576)209042338</marc:subfield>
         <marc:subfield code="a">Musical</marc:subfield>
         <marc:subfield code="2">gnd</marc:subfield>
      </marc:datafield>
      <marc:datafield tag="689" ind1="0" ind2=" ">
         <marc:subfield code="5">DE-101</marc:subfield>
      </marc:datafield>
      <marc:datafield tag="689" ind1="1" ind2="0">
         <marc:subfield code="D">s</marc:subfield>
         <marc:subfield code="0">(DE-588)4020517-4</marc:subfield>
         <marc:subfield code="0">(DE-627)106317768</marc:subfield>
         <marc:subfield code="0">(DE-576)208933697</marc:subfield>
         <marc:subfield code="a">Geschichte</marc:subfield>
         <marc:subfield code="2">gnd</marc:subfield>
      </marc:datafield>
      <marc:datafield tag="689" ind1="1" ind2="1">
         <marc:subfield code="D">s</marc:subfield>
         <marc:subfield code="0">(DE-588)4040801-2</marc:subfield>
         <marc:subfield code="0">(DE-627)104213191</marc:subfield>
         <marc:subfield code="0">(DE-576)209042338</marc:subfield>
         <marc:subfield code="a">Musical</marc:subfield>
         <marc:subfield code="2">gnd</marc:subfield>
      </marc:datafield>
      <marc:datafield tag="689" ind1="1" ind2="2">
         <marc:subfield code="D">s</marc:subfield>
         <marc:subfield code="0">(DE-588)4143413-4</marc:subfield>
         <marc:subfield code="0">(DE-627)105605727</marc:subfield>
         <marc:subfield code="0">(DE-576)209726091</marc:subfield>
         <marc:subfield code="a">Aufsatzsammlung</marc:subfield>
         <marc:subfield code="2">gnd</marc:subfield>
      </marc:datafield>
      <marc:datafield tag="689" ind1="1" ind2=" ">
         <marc:subfield code="5">DE-101</marc:subfield>
      </marc:datafield>
      <marc:datafield tag="689" ind1="2" ind2="0">
         <marc:subfield code="D">s</marc:subfield>
         <marc:subfield code="0">(DE-588)4040801-2</marc:subfield>
         <marc:subfield code="0">(DE-627)104213191</marc:subfield>
         <marc:subfield code="0">(DE-576)209042338</marc:subfield>
         <marc:subfield code="a">Musical</marc:subfield>
         <marc:subfield code="2">gnd</marc:subfield>
      </marc:datafield>
      <marc:datafield tag="689" ind1="2" ind2="1">
         <marc:subfield code="A">z</marc:subfield>
         <marc:subfield code="2">gnd</marc:subfield>
         <marc:subfield code="a">Geschichte</marc:subfield>
      </marc:datafield>
      <marc:datafield tag="689" ind1="2" ind2=" ">
         <marc:subfield code="5">(DE-627)</marc:subfield>
      </marc:datafield>
      <marc:datafield tag="700" ind1="1" ind2=" ">
         <marc:subfield code="a">Everett, William A.</marc:subfield>
         <marc:subfield code="d">1962-</marc:subfield>
         <marc:subfield code="e">Hrsg.</marc:subfield>
         <marc:subfield code="0">(DE-588)136525830</marc:subfield>
         <marc:subfield code="0">(DE-627)584491530</marc:subfield>
         <marc:subfield code="0">(DE-576)183611136</marc:subfield>
         <marc:subfield code="4">edt</marc:subfield>
      </marc:datafield>
      <marc:datafield tag="700" ind1="1" ind2=" ">
         <marc:subfield code="a">Laird, Paul R.</marc:subfield>
         <marc:subfield code="d">1958-</marc:subfield>
         <marc:subfield code="0">(DE-588)136824986</marc:subfield>
         <marc:subfield code="0">(DE-627)587798696</marc:subfield>
         <marc:subfield code="0">(DE-576)175432937</marc:subfield>
         <marc:subfield code="4">oth</marc:subfield>
      </marc:datafield>
      <marc:datafield tag="856" ind1="4" ind2="2">
         <marc:subfield code="u">http://www.loc.gov/catdir/enhancements/fy0808/2007053042-d.html</marc:subfield>
         <marc:subfield code="x">Verlag</marc:subfield>
         <marc:subfield code="y">Publisher description</marc:subfield>
      </marc:datafield>
      <marc:datafield tag="856" ind1="4" ind2="2">
         <marc:subfield code="u">http://www.loc.gov/catdir/enhancements/fy0808/2007053042-t.html</marc:subfield>
         <marc:subfield code="x">Verlag</marc:subfield>
         <marc:subfield code="y">Table of contents only</marc:subfield>
      </marc:datafield>
      <marc:datafield tag="856" ind1="4" ind2="2">
         <marc:subfield code="u">http://digitale-objekte.hbz-nrw.de/webclient/DeliveryManager?pid=2813712&amp;custom_att_2=simple_viewer</marc:subfield>
         <marc:subfield code="x">Verlag</marc:subfield>
         <marc:subfield code="y">The Cambridge companion to the musical</marc:subfield>
         <marc:subfield code="3">Inhaltsverzeichnis</marc:subfield>
      </marc:datafield>
      <marc:datafield tag="889" ind1=" " ind2=" ">
         <marc:subfield code="w">(DE-627)55621966X</marc:subfield>
      </marc:datafield>
      <marc:datafield tag="935" ind1=" " ind2=" ">
         <marc:subfield code="i">Blocktest</marc:subfield>
      </marc:datafield>
      <marc:datafield tag="936" ind1="r" ind2="v">
         <marc:subfield code="a">LP 12210</marc:subfield>
         <marc:subfield code="b">Operettenführer, Musicalführer</marc:subfield>
         <marc:subfield code="k">Musikwissenschaft</marc:subfield>
         <marc:subfield code="k">I. Musica theoretica</marc:subfield>
         <marc:subfield code="k">Allgemeines</marc:subfield>
         <marc:subfield code="k">Allgemeine (d.h. Personen und Realien enthaltende) Lexika und Enzyklopädien (+ Epochenschlüssel)</marc:subfield>
         <marc:subfield code="k">Operettenführer, Musicalführer</marc:subfield>
         <marc:subfield code="0">(DE-627)1271336677</marc:subfield>
         <marc:subfield code="0">(DE-625)rvk/105895:</marc:subfield>
         <marc:subfield code="0">(DE-576)201336677</marc:subfield>
      </marc:datafield>
      <marc:datafield tag="936" ind1="r" ind2="v">
         <marc:subfield code="a">LR 54130</marc:subfield>
         <marc:subfield code="b">Musical</marc:subfield>
         <marc:subfield code="k">Musikwissenschaft</marc:subfield>
         <marc:subfield code="k">I. Musica theoretica</marc:subfield>
         <marc:subfield code="k">Sachteil: Musica theoretica (einschl. Realien mit geographischem Bezug)</marc:subfield>
         <marc:subfield code="k">Musikalische Gattungen, Formen, Termini</marc:subfield>
         <marc:subfield code="k">Einzelne Gattungen und Formen:</marc:subfield>
         <marc:subfield code="k">Gattungen und Formen M</marc:subfield>
         <marc:subfield code="k">Musical</marc:subfield>
         <marc:subfield code="0">(DE-627)1271360098</marc:subfield>
         <marc:subfield code="0">(DE-576)201360098</marc:subfield>
      </marc:datafield>
      <marc:datafield tag="936" ind1="r" ind2="v">
         <marc:subfield code="a">AP 71200</marc:subfield>
         <marc:subfield code="b">Oper, Singspiel, Operette, Musical</marc:subfield>
         <marc:subfield code="k">Allgemeines</marc:subfield>
         <marc:subfield code="k">Medien- und Kommunikationswissenschaften, Kommunikationsdesign</marc:subfield>
         <marc:subfield code="k">Theater</marc:subfield>
         <marc:subfield code="k">Gattungen des Theaterspiels</marc:subfield>
         <marc:subfield code="k">Oper, Singspiel, Operette, Musical</marc:subfield>
         <marc:subfield code="0">(DE-627)1270692194</marc:subfield>
         <marc:subfield code="0">(DE-625)rvk/7894:</marc:subfield>
         <marc:subfield code="0">(DE-576)200692194</marc:subfield>
      </marc:datafield>
      <marc:datafield tag="936" ind1="r" ind2="v">
         <marc:subfield code="a">AP 87820</marc:subfield>
         <marc:subfield code="b">Tanz in Oper, Operette</marc:subfield>
         <marc:subfield code="k">Allgemeines</marc:subfield>
         <marc:subfield code="k">Medien- und Kommunikationswissenschaften, Kommunikationsdesign</marc:subfield>
         <marc:subfield code="k">Tanz</marc:subfield>
         <marc:subfield code="k">Bühnentanz</marc:subfield>
         <marc:subfield code="k">Tanz in Oper, Operette</marc:subfield>
         <marc:subfield code="0">(DE-627)1270693972</marc:subfield>
         <marc:subfield code="0">(DE-625)rvk/8097:</marc:subfield>
         <marc:subfield code="0">(DE-576)200693972</marc:subfield>
      </marc:datafield>
      <marc:datafield tag="936" ind1="b" ind2="k">
         <marc:subfield code="a">24.62</marc:subfield>
         <marc:subfield code="j">Musiktheater</marc:subfield>
         <marc:subfield code="j">Theatermusik</marc:subfield>
         <marc:subfield code="0">(DE-627)106422081</marc:subfield>
      </marc:datafield>
      <marc:datafield tag="951" ind1=" " ind2=" ">
         <marc:subfield code="a">BO</marc:subfield>
      </marc:datafield>
   </marc:record>