
   <marc:record>
      <marc:leader>     cas a22        4500</marc:leader>
      <marc:controlfield tag="001">103387110</marc:controlfield>
      <marc:controlfield tag="003">DE-576</marc:controlfield>
      <marc:controlfield tag="005">20190609073534.0</marc:controlfield>
      <marc:controlfield tag="007">tu</marc:controlfield>
      <marc:controlfield tag="008">070503c00009999gw z| m|      0   |0ger c</marc:controlfield>
      <marc:datafield tag="016" ind1="7" ind2=" ">
         <marc:subfield code="a">965448541</marc:subfield>
         <marc:subfield code="2">DE-101</marc:subfield>
      </marc:datafield>
      <marc:datafield tag="016" ind1="7" ind2=" ">
         <marc:subfield code="a">2283967-7</marc:subfield>
         <marc:subfield code="2">DE-600</marc:subfield>
      </marc:datafield>
      <marc:datafield tag="035" ind1=" " ind2=" ">
         <marc:subfield code="a">(DE-627)528318764</marc:subfield>
      </marc:datafield>
      <marc:datafield tag="035" ind1=" " ind2=" ">
         <marc:subfield code="a">(DE-576)103387110</marc:subfield>
      </marc:datafield>
      <marc:datafield tag="035" ind1=" " ind2=" ">
         <marc:subfield code="a">(DE-599)ZDB2283967-7</marc:subfield>
      </marc:datafield>
      <marc:datafield tag="035" ind1=" " ind2=" ">
         <marc:subfield code="a">(OCoLC)85725750</marc:subfield>
      </marc:datafield>
      <marc:datafield tag="040" ind1=" " ind2=" ">
         <marc:subfield code="a">DE-576</marc:subfield>
         <marc:subfield code="b">ger</marc:subfield>
         <marc:subfield code="c">DE-576</marc:subfield>
         <marc:subfield code="e">rakwb</marc:subfield>
      </marc:datafield>
      <marc:datafield tag="041" ind1=" " ind2=" ">
         <marc:subfield code="a">ger</marc:subfield>
      </marc:datafield>
      <marc:datafield tag="044" ind1=" " ind2=" ">
         <marc:subfield code="c">XA-DE</marc:subfield>
      </marc:datafield>
      <marc:datafield tag="082" ind1="0" ind2="4">
         <marc:subfield code="a">050</marc:subfield>
         <marc:subfield code="q">DE-600</marc:subfield>
      </marc:datafield>
      <marc:datafield tag="245" ind1="1" ind2="0">
         <marc:subfield code="a">Beiträge zum Tanz</marc:subfield>
         <marc:subfield code="c">Conseil International de la Danse, Nationales Komitee der Bundesrepublik Deutschland e.V.</marc:subfield>
      </marc:datafield>
      <marc:datafield tag="264" ind1="3" ind2="1">
         <marc:subfield code="a">Dresden</marc:subfield>
         <marc:subfield code="b">Conseil Internat. de la Danse, Nationales Komitee der Bundesrepublik Deutschland</marc:subfield>
         <marc:subfield code="c">0000-</marc:subfield>
      </marc:datafield>
      <marc:datafield tag="300" ind1=" " ind2=" ">
         <marc:subfield code="c">23 cm</marc:subfield>
      </marc:datafield>
      <marc:datafield tag="336" ind1=" " ind2=" ">
         <marc:subfield code="a">Text</marc:subfield>
         <marc:subfield code="b">txt</marc:subfield>
         <marc:subfield code="2">rdacontent</marc:subfield>
      </marc:datafield>
      <marc:datafield tag="337" ind1=" " ind2=" ">
         <marc:subfield code="a">ohne Hilfsmittel zu benutzen</marc:subfield>
         <marc:subfield code="b">n</marc:subfield>
         <marc:subfield code="2">rdamedia</marc:subfield>
      </marc:datafield>
      <marc:datafield tag="338" ind1=" " ind2=" ">
         <marc:subfield code="a">Band</marc:subfield>
         <marc:subfield code="b">nc</marc:subfield>
         <marc:subfield code="2">rdacarrier</marc:subfield>
      </marc:datafield>
      <marc:datafield tag="655" ind1=" " ind2="7">
         <marc:subfield code="a">Monografische Reihe</marc:subfield>
         <marc:subfield code="0">(DE-588)4179998-7</marc:subfield>
         <marc:subfield code="0">(DE-627)104628669</marc:subfield>
         <marc:subfield code="0">(DE-576)209995106</marc:subfield>
         <marc:subfield code="2">gnd-content</marc:subfield>
      </marc:datafield>
      <marc:datafield tag="951" ind1=" " ind2=" ">
         <marc:subfield code="a">ST</marc:subfield>
      </marc:datafield>
   </marc:record>