
   <marc:record>
      <marc:leader>     cam a22        4500</marc:leader>
      <marc:controlfield tag="001">408809213</marc:controlfield>
      <marc:controlfield tag="003">DE-576</marc:controlfield>
      <marc:controlfield tag="005">20210409233402.0</marc:controlfield>
      <marc:controlfield tag="007">tu</marc:controlfield>
      <marc:controlfield tag="008">140703s2007    gw |||||      00| ||ger c</marc:controlfield>
      <marc:datafield tag="015" ind1=" " ind2=" ">
         <marc:subfield code="a">07,A12,1455</marc:subfield>
         <marc:subfield code="2">dnb</marc:subfield>
      </marc:datafield>
      <marc:datafield tag="016" ind1="7" ind2=" ">
         <marc:subfield code="a">983084955</marc:subfield>
         <marc:subfield code="2">DE-101</marc:subfield>
      </marc:datafield>
      <marc:datafield tag="020" ind1=" " ind2=" ">
         <marc:subfield code="a">9783894872090</marc:subfield>
         <marc:subfield code="c">kart. : EUR 35.00</marc:subfield>
         <marc:subfield code="9">978-3-89487-209-0</marc:subfield>
      </marc:datafield>
      <marc:datafield tag="035" ind1=" " ind2=" ">
         <marc:subfield code="a">(DE-627)525498575</marc:subfield>
      </marc:datafield>
      <marc:datafield tag="035" ind1=" " ind2=" ">
         <marc:subfield code="a">(DE-576)408809213</marc:subfield>
      </marc:datafield>
      <marc:datafield tag="035" ind1=" " ind2=" ">
         <marc:subfield code="a">(DE-599)DNB983084955</marc:subfield>
      </marc:datafield>
      <marc:datafield tag="035" ind1=" " ind2=" ">
         <marc:subfield code="a">(OCoLC)180732298</marc:subfield>
      </marc:datafield>
      <marc:datafield tag="035" ind1=" " ind2=" ">
         <marc:subfield code="a">(OCoLC)180732298</marc:subfield>
      </marc:datafield>
      <marc:datafield tag="040" ind1=" " ind2=" ">
         <marc:subfield code="a">DE-576</marc:subfield>
         <marc:subfield code="b">ger</marc:subfield>
         <marc:subfield code="c">DE-576</marc:subfield>
         <marc:subfield code="e">rakwb</marc:subfield>
      </marc:datafield>
      <marc:datafield tag="041" ind1=" " ind2=" ">
         <marc:subfield code="a">ger</marc:subfield>
         <marc:subfield code="a">fre</marc:subfield>
      </marc:datafield>
      <marc:datafield tag="041" ind1=" " ind2=" ">
         <marc:subfield code="h">hun</marc:subfield>
      </marc:datafield>
      <marc:datafield tag="044" ind1=" " ind2=" ">
         <marc:subfield code="c">XA-DE</marc:subfield>
      </marc:datafield>
      <marc:datafield tag="082" ind1="0" ind2=" ">
         <marc:subfield code="a">792.82</marc:subfield>
      </marc:datafield>
      <marc:datafield tag="082" ind1="0" ind2="4">
         <marc:subfield code="a">792</marc:subfield>
      </marc:datafield>
      <marc:datafield tag="084" ind1=" " ind2=" ">
         <marc:subfield code="a">TH 367</marc:subfield>
         <marc:subfield code="2">sfb</marc:subfield>
      </marc:datafield>
      <marc:datafield tag="084" ind1=" " ind2=" ">
         <marc:subfield code="a">AP 87700</marc:subfield>
         <marc:subfield code="2">rvk</marc:subfield>
         <marc:subfield code="0">(DE-625)rvk/8094:</marc:subfield>
      </marc:datafield>
      <marc:datafield tag="090" ind1=" " ind2=" ">
         <marc:subfield code="a">a</marc:subfield>
      </marc:datafield>
      <marc:datafield tag="245" ind1="1" ind2="0">
         <marc:subfield code="a">Methodik des klassischen Tanzes</marc:subfield>
         <marc:subfield code="c">[der Lehrstoff wurde ausgearb. von d. Arbeitsgemeinschaft für klass. Tanz am ungar. Staatl. Ballett-Institut. Text: Zsuzsa L. Merényi]</marc:subfield>
      </marc:datafield>
      <marc:datafield tag="250" ind1=" " ind2=" ">
         <marc:subfield code="a">7. Aufl.</marc:subfield>
      </marc:datafield>
      <marc:datafield tag="264" ind1=" " ind2="1">
         <marc:subfield code="a">[Berlin]</marc:subfield>
         <marc:subfield code="b">Henschel</marc:subfield>
         <marc:subfield code="c">2007</marc:subfield>
      </marc:datafield>
      <marc:datafield tag="300" ind1=" " ind2=" ">
         <marc:subfield code="a">722 S.</marc:subfield>
         <marc:subfield code="b">Ill.</marc:subfield>
         <marc:subfield code="c">22 cm</marc:subfield>
      </marc:datafield>
      <marc:datafield tag="336" ind1=" " ind2=" ">
         <marc:subfield code="a">Text</marc:subfield>
         <marc:subfield code="b">txt</marc:subfield>
         <marc:subfield code="2">rdacontent</marc:subfield>
      </marc:datafield>
      <marc:datafield tag="337" ind1=" " ind2=" ">
         <marc:subfield code="a">ohne Hilfsmittel zu benutzen</marc:subfield>
         <marc:subfield code="b">n</marc:subfield>
         <marc:subfield code="2">rdamedia</marc:subfield>
      </marc:datafield>
      <marc:datafield tag="338" ind1=" " ind2=" ">
         <marc:subfield code="a">Band</marc:subfield>
         <marc:subfield code="b">nc</marc:subfield>
         <marc:subfield code="2">rdacarrier</marc:subfield>
      </marc:datafield>
      <marc:datafield tag="500" ind1=" " ind2=" ">
         <marc:subfield code="a">Text dt., teilw. franz</marc:subfield>
      </marc:datafield>
      <marc:datafield tag="591" ind1=" " ind2=" ">
         <marc:subfield code="a">IMD-Felder und 1131 maschinell ergänzt (SWB)</marc:subfield>
      </marc:datafield>
      <marc:datafield tag="655" ind1=" " ind2="7">
         <marc:subfield code="a">Lehrbuch</marc:subfield>
         <marc:subfield code="0">(DE-588)4123623-3</marc:subfield>
         <marc:subfield code="0">(DE-627)104270187</marc:subfield>
         <marc:subfield code="0">(DE-576)209561262</marc:subfield>
         <marc:subfield code="2">gnd-content</marc:subfield>
      </marc:datafield>
      <marc:datafield tag="689" ind1="0" ind2="0">
         <marc:subfield code="D">s</marc:subfield>
         <marc:subfield code="0">(DE-588)4004351-4</marc:subfield>
         <marc:subfield code="0">(DE-627)106386263</marc:subfield>
         <marc:subfield code="0">(DE-576)208855459</marc:subfield>
         <marc:subfield code="a">Ballett</marc:subfield>
         <marc:subfield code="2">gnd</marc:subfield>
      </marc:datafield>
      <marc:datafield tag="689" ind1="0" ind2=" ">
         <marc:subfield code="5">DE-101</marc:subfield>
      </marc:datafield>
      <marc:datafield tag="700" ind1="1" ind2=" ">
         <marc:subfield code="a">Merényi, Zsuzsa L.</marc:subfield>
         <marc:subfield code="e">Bearb.</marc:subfield>
         <marc:subfield code="4">adp</marc:subfield>
      </marc:datafield>
      <marc:datafield tag="710" ind1="2" ind2=" ">
         <marc:subfield code="a">Állami Balett Intézet</marc:subfield>
         <marc:subfield code="g">Budapest</marc:subfield>
         <marc:subfield code="b">Klasszikus Balett Munkaközösség</marc:subfield>
         <marc:subfield code="0">(DE-588)2040562-5</marc:subfield>
         <marc:subfield code="0">(DE-627)102716730</marc:subfield>
         <marc:subfield code="0">(DE-576)191906573</marc:subfield>
         <marc:subfield code="4">oth</marc:subfield>
      </marc:datafield>
      <marc:datafield tag="935" ind1=" " ind2=" ">
         <marc:subfield code="i">sf</marc:subfield>
      </marc:datafield>
      <marc:datafield tag="935" ind1=" " ind2=" ">
         <marc:subfield code="i">Blocktest</marc:subfield>
      </marc:datafield>
      <marc:datafield tag="936" ind1="r" ind2="v">
         <marc:subfield code="a">AP 87700</marc:subfield>
         <marc:subfield code="b">Tanztechnik, Ausbildung, Fortbildung</marc:subfield>
         <marc:subfield code="k">Allgemeines</marc:subfield>
         <marc:subfield code="k">Medien- und Kommunikationswissenschaften, Kommunikationsdesign</marc:subfield>
         <marc:subfield code="k">Tanz</marc:subfield>
         <marc:subfield code="k">Bühnentanz</marc:subfield>
         <marc:subfield code="k">Tanztechnik, Ausbildung, Fortbildung</marc:subfield>
         <marc:subfield code="0">(DE-627)1270693948</marc:subfield>
         <marc:subfield code="0">(DE-625)rvk/8094:</marc:subfield>
         <marc:subfield code="0">(DE-576)200693948</marc:subfield>
      </marc:datafield>
      <marc:datafield tag="951" ind1=" " ind2=" ">
         <marc:subfield code="a">BO</marc:subfield>
      </marc:datafield>
   </marc:record>