
   <marc:record>
      <marc:leader>     cgm a22        4500</marc:leader>
      <marc:controlfield tag="001">9524839407</marc:controlfield>
      <marc:controlfield tag="003">DE-576</marc:controlfield>
      <marc:controlfield tag="005">20210430122848.0</marc:controlfield>
      <marc:controlfield tag="007">vd uvuuuu</marc:controlfield>
      <marc:controlfield tag="008">070223s2004    gw ||| |      |   v|und c</marc:controlfield>
      <marc:datafield tag="028" ind1="5" ind2="2">
         <marc:subfield code="a">101 119</marc:subfield>
      </marc:datafield>
      <marc:datafield tag="035" ind1=" " ind2=" ">
         <marc:subfield code="a">(DE-627)524839409</marc:subfield>
      </marc:datafield>
      <marc:datafield tag="035" ind1=" " ind2=" ">
         <marc:subfield code="a">(DE-576)9524839407</marc:subfield>
      </marc:datafield>
      <marc:datafield tag="035" ind1=" " ind2=" ">
         <marc:subfield code="a">(DE-599)GBV524839409</marc:subfield>
      </marc:datafield>
      <marc:datafield tag="035" ind1=" " ind2=" ">
         <marc:subfield code="a">(OCoLC)1249017460</marc:subfield>
      </marc:datafield>
      <marc:datafield tag="040" ind1=" " ind2=" ">
         <marc:subfield code="a">DE-576</marc:subfield>
         <marc:subfield code="b">ger</marc:subfield>
         <marc:subfield code="c">DE-576</marc:subfield>
         <marc:subfield code="e">rakwb</marc:subfield>
      </marc:datafield>
      <marc:datafield tag="044" ind1=" " ind2=" ">
         <marc:subfield code="c">XA-DE</marc:subfield>
      </marc:datafield>
      <marc:datafield tag="100" ind1="1" ind2=" ">
         <marc:subfield code="a">Čajkovskij, Pëtr Ilʹič</marc:subfield>
         <marc:subfield code="d">1840-1893</marc:subfield>
         <marc:subfield code="0">(DE-588)118638157</marc:subfield>
         <marc:subfield code="0">(DE-627)13458452X</marc:subfield>
         <marc:subfield code="0">(DE-576)160001935</marc:subfield>
         <marc:subfield code="4">aut</marc:subfield>
      </marc:datafield>
      <marc:datafield tag="240" ind1="1" ind2="0">
         <marc:subfield code="a">Ščelkunčik</marc:subfield>
         <marc:subfield code="0">(DE-588)300033729</marc:subfield>
         <marc:subfield code="0">(DE-627)701615125</marc:subfield>
         <marc:subfield code="0">(DE-576)135402018</marc:subfield>
      </marc:datafield>
      <marc:datafield tag="245" ind1="1" ind2="4">
         <marc:subfield code="a">The Nutcracker</marc:subfield>
         <marc:subfield code="b">Ballet in two acts</marc:subfield>
         <marc:subfield code="c">Pyotr Tchaikovsky. Libretto by Marius Petipa and Ivan Vsevolozhsky. Based on the story by E.T.A. Hoffmann. Choreography by Yuri Grigorovich. Based on the original choreography by Lev Ivanov</marc:subfield>
      </marc:datafield>
      <marc:datafield tag="246" ind1="3" ind2="3">
         <marc:subfield code="a">Der Nussknacker</marc:subfield>
      </marc:datafield>
      <marc:datafield tag="246" ind1="3" ind2="3">
         <marc:subfield code="a">Casse-noisette</marc:subfield>
      </marc:datafield>
      <marc:datafield tag="264" ind1=" " ind2="1">
         <marc:subfield code="a">Halle (Saale)</marc:subfield>
         <marc:subfield code="b">Arthaus-Musik</marc:subfield>
         <marc:subfield code="c">c 2004</marc:subfield>
      </marc:datafield>
      <marc:datafield tag="300" ind1=" " ind2=" ">
         <marc:subfield code="a">1 DVD-Video (NTSC, 101 Min.)</marc:subfield>
         <marc:subfield code="b">farb., PCM stereo, dolby digital 5.1, DTS 5.1, Format 4:3</marc:subfield>
         <marc:subfield code="c">12 cm</marc:subfield>
         <marc:subfield code="e">Beih.</marc:subfield>
      </marc:datafield>
      <marc:datafield tag="336" ind1=" " ind2=" ">
         <marc:subfield code="a">zweidimensionales bewegtes Bild</marc:subfield>
         <marc:subfield code="b">tdi</marc:subfield>
         <marc:subfield code="2">rdacontent</marc:subfield>
      </marc:datafield>
      <marc:datafield tag="337" ind1=" " ind2=" ">
         <marc:subfield code="a">video</marc:subfield>
         <marc:subfield code="b">v</marc:subfield>
         <marc:subfield code="2">rdamedia</marc:subfield>
      </marc:datafield>
      <marc:datafield tag="338" ind1=" " ind2=" ">
         <marc:subfield code="a">Videodisk</marc:subfield>
         <marc:subfield code="b">vd</marc:subfield>
         <marc:subfield code="2">rdacarrier</marc:subfield>
      </marc:datafield>
      <marc:datafield tag="500" ind1=" " ind2=" ">
         <marc:subfield code="a">Aufn.: Bolshoi Theatre, 1989</marc:subfield>
      </marc:datafield>
      <marc:datafield tag="511" ind1="0" ind2=" ">
         <marc:subfield code="a">Interpr.: Natalya Arkhipova [Clara]. Irek Mukhamedov [The Nutcracker rince]. Yuri Vetrov [Drosselmeyer]. Andrei Sitnikov [Stahlbaum]. Ilze Liepa [Mrs. Stahlbaum]. Mikhail Sharkow [Devil]. The Bolshoi Ballet. The Bolshoi Theatre Orchestra. Aleksandr Kopilov [Dir]</marc:subfield>
      </marc:datafield>
      <marc:datafield tag="655" ind1=" " ind2="7">
         <marc:subfield code="a">DVD-Video</marc:subfield>
         <marc:subfield code="0">(DE-588)4585125-6</marc:subfield>
         <marc:subfield code="0">(DE-627)325263515</marc:subfield>
         <marc:subfield code="0">(DE-576)213973456</marc:subfield>
         <marc:subfield code="2">gnd-carrier</marc:subfield>
      </marc:datafield>
      <marc:datafield tag="689" ind1="0" ind2="0">
         <marc:subfield code="D">u</marc:subfield>
         <marc:subfield code="0">(DE-588)300033729</marc:subfield>
         <marc:subfield code="0">(DE-627)701615125</marc:subfield>
         <marc:subfield code="0">(DE-576)135402018</marc:subfield>
         <marc:subfield code="a">Čajkovskij, Pëtr Ilʹič</marc:subfield>
         <marc:subfield code="d">1840-1893</marc:subfield>
         <marc:subfield code="t">Ščelkunčik</marc:subfield>
         <marc:subfield code="2">gnd</marc:subfield>
      </marc:datafield>
      <marc:datafield tag="689" ind1="0" ind2=" ">
         <marc:subfield code="5">(DE-627)</marc:subfield>
      </marc:datafield>
      <marc:datafield tag="700" ind1="1" ind2=" ">
         <marc:subfield code="a">Petipa, Marius</marc:subfield>
         <marc:subfield code="d">1818-1910</marc:subfield>
         <marc:subfield code="0">(DE-588)11859320X</marc:subfield>
         <marc:subfield code="0">(DE-627)079386326</marc:subfield>
         <marc:subfield code="0">(DE-576)170829189</marc:subfield>
         <marc:subfield code="4">oth</marc:subfield>
      </marc:datafield>
      <marc:datafield tag="700" ind1="1" ind2=" ">
         <marc:subfield code="a">Vsevoložskij, Ivan Aleksandrovič</marc:subfield>
         <marc:subfield code="d">1835-1909</marc:subfield>
         <marc:subfield code="0">(DE-588)138130353</marc:subfield>
         <marc:subfield code="0">(DE-627)599886676</marc:subfield>
         <marc:subfield code="0">(DE-576)181657554</marc:subfield>
         <marc:subfield code="4">oth</marc:subfield>
      </marc:datafield>
      <marc:datafield tag="700" ind1="1" ind2=" ">
         <marc:subfield code="a">Hoffmann, E. T. A.</marc:subfield>
         <marc:subfield code="d">1776-1822</marc:subfield>
         <marc:subfield code="0">(DE-588)118552465</marc:subfield>
         <marc:subfield code="0">(DE-627)133411605</marc:subfield>
         <marc:subfield code="0">(DE-576)161457886</marc:subfield>
         <marc:subfield code="4">oth</marc:subfield>
      </marc:datafield>
      <marc:datafield tag="700" ind1="1" ind2=" ">
         <marc:subfield code="a">Grigorovič, Jurij N.</marc:subfield>
         <marc:subfield code="d">1927-</marc:subfield>
         <marc:subfield code="0">(DE-588)118718878</marc:subfield>
         <marc:subfield code="0">(DE-627)079500722</marc:subfield>
         <marc:subfield code="0">(DE-576)165312424</marc:subfield>
         <marc:subfield code="4">oth</marc:subfield>
      </marc:datafield>
      <marc:datafield tag="700" ind1="1" ind2=" ">
         <marc:subfield code="a">Ivanov, Lev I.</marc:subfield>
         <marc:subfield code="d">1834-1901</marc:subfield>
         <marc:subfield code="0">(DE-588)119502763</marc:subfield>
         <marc:subfield code="0">(DE-627)080318746</marc:subfield>
         <marc:subfield code="0">(DE-576)176159525</marc:subfield>
         <marc:subfield code="4">oth</marc:subfield>
      </marc:datafield>
      <marc:datafield tag="700" ind1="1" ind2="2">
         <marc:subfield code="a">Čajkovskij, Pëtr Ilʹič</marc:subfield>
         <marc:subfield code="d">1840-1893</marc:subfield>
         <marc:subfield code="t">Ščelkunčik</marc:subfield>
         <marc:subfield code="0">(DE-588)300033729</marc:subfield>
         <marc:subfield code="0">(DE-627)701615125</marc:subfield>
         <marc:subfield code="0">(DE-576)135402018</marc:subfield>
      </marc:datafield>
      <marc:datafield tag="700" ind1="1" ind2=" ">
         <marc:subfield code="a">Arkhipova, Natalya</marc:subfield>
         <marc:subfield code="4">prf</marc:subfield>
      </marc:datafield>
      <marc:datafield tag="700" ind1="1" ind2=" ">
         <marc:subfield code="a">Muchamedov, Irek</marc:subfield>
         <marc:subfield code="d">1960-</marc:subfield>
         <marc:subfield code="0">(DE-588)119461102</marc:subfield>
         <marc:subfield code="0">(DE-627)080275532</marc:subfield>
         <marc:subfield code="0">(DE-576)212622951</marc:subfield>
         <marc:subfield code="4">prf</marc:subfield>
      </marc:datafield>
      <marc:datafield tag="700" ind1="1" ind2=" ">
         <marc:subfield code="a">Vetrov, Jurij</marc:subfield>
         <marc:subfield code="0">(DE-588)138130167</marc:subfield>
         <marc:subfield code="0">(DE-627)696362902</marc:subfield>
         <marc:subfield code="0">(DE-576)306578794</marc:subfield>
         <marc:subfield code="4">prf</marc:subfield>
      </marc:datafield>
      <marc:datafield tag="700" ind1="1" ind2=" ">
         <marc:subfield code="a">Sitnikov, Andrej</marc:subfield>
         <marc:subfield code="0">(DE-588)138130477</marc:subfield>
         <marc:subfield code="0">(DE-627)696363348</marc:subfield>
         <marc:subfield code="0">(DE-576)306579014</marc:subfield>
         <marc:subfield code="4">prf</marc:subfield>
      </marc:datafield>
      <marc:datafield tag="700" ind1="1" ind2=" ">
         <marc:subfield code="a">Liepa, Ilze</marc:subfield>
         <marc:subfield code="d">1963-</marc:subfield>
         <marc:subfield code="0">(DE-588)1051286824</marc:subfield>
         <marc:subfield code="0">(DE-627)786292156</marc:subfield>
         <marc:subfield code="0">(DE-576)406322740</marc:subfield>
         <marc:subfield code="4">prf</marc:subfield>
      </marc:datafield>
      <marc:datafield tag="700" ind1="1" ind2=" ">
         <marc:subfield code="a">Sharkov, Mikhail</marc:subfield>
         <marc:subfield code="0">(DE-588)138127042</marc:subfield>
         <marc:subfield code="0">(DE-627)696359928</marc:subfield>
         <marc:subfield code="0">(DE-576)306577399</marc:subfield>
         <marc:subfield code="4">prf</marc:subfield>
      </marc:datafield>
      <marc:datafield tag="700" ind1="1" ind2=" ">
         <marc:subfield code="a">Kopylov, Aleksandr A.</marc:subfield>
         <marc:subfield code="d">1854-1911</marc:subfield>
         <marc:subfield code="0">(DE-588)103912355</marc:subfield>
         <marc:subfield code="0">(DE-627)391457314</marc:subfield>
         <marc:subfield code="0">(DE-576)28889653X</marc:subfield>
         <marc:subfield code="4">prf</marc:subfield>
      </marc:datafield>
      <marc:datafield tag="710" ind1="2" ind2=" ">
         <marc:subfield code="a">Gosudarstvennyj Akademičeskij Bolʹšoj Teatr Rossii</marc:subfield>
         <marc:subfield code="b">Baletnaja Truppa</marc:subfield>
         <marc:subfield code="0">(DE-588)6055376-5</marc:subfield>
         <marc:subfield code="0">(DE-627)512838798</marc:subfield>
         <marc:subfield code="0">(DE-576)254669204</marc:subfield>
         <marc:subfield code="4">prf</marc:subfield>
      </marc:datafield>
      <marc:datafield tag="710" ind1="2" ind2=" ">
         <marc:subfield code="a">Gosudarstvennyj akademičeskij Bolʹšoj teatr Sojuza SSR</marc:subfield>
         <marc:subfield code="b">Orkestr</marc:subfield>
         <marc:subfield code="0">(DE-588)1212784-X</marc:subfield>
         <marc:subfield code="0">(DE-627)100900348</marc:subfield>
         <marc:subfield code="0">(DE-576)193057050</marc:subfield>
         <marc:subfield code="4">prf</marc:subfield>
      </marc:datafield>
      <marc:datafield tag="935" ind1=" " ind2=" ">
         <marc:subfield code="c">vide</marc:subfield>
      </marc:datafield>
      <marc:datafield tag="951" ind1=" " ind2=" ">
         <marc:subfield code="a">BO</marc:subfield>
      </marc:datafield>
   </marc:record>