
   <marc:record>
      <marc:leader>     cam a22        4500</marc:leader>
      <marc:controlfield tag="001">262956667</marc:controlfield>
      <marc:controlfield tag="003">DE-576</marc:controlfield>
      <marc:controlfield tag="005">20201112071423.0</marc:controlfield>
      <marc:controlfield tag="007">tu</marc:controlfield>
      <marc:controlfield tag="008">070214s2007    gw |||||      00| ||eng c</marc:controlfield>
      <marc:datafield tag="015" ind1=" " ind2=" ">
         <marc:subfield code="a">07,N09,1807</marc:subfield>
         <marc:subfield code="2">dnb</marc:subfield>
      </marc:datafield>
      <marc:datafield tag="015" ind1=" " ind2=" ">
         <marc:subfield code="a">07,N09,1807</marc:subfield>
         <marc:subfield code="2">dnb</marc:subfield>
      </marc:datafield>
      <marc:datafield tag="016" ind1="7" ind2=" ">
         <marc:subfield code="a">982981147</marc:subfield>
         <marc:subfield code="2">DE-101</marc:subfield>
      </marc:datafield>
      <marc:datafield tag="020" ind1=" " ind2=" ">
         <marc:subfield code="a">9783487132648</marc:subfield>
         <marc:subfield code="c">Pb. : EUR 39.80, EUR 34.80 (Subskr.-Pr. bis 28.02.2007)</marc:subfield>
         <marc:subfield code="9">978-3-487-13264-8</marc:subfield>
      </marc:datafield>
      <marc:datafield tag="020" ind1=" " ind2=" ">
         <marc:subfield code="a">3487132648</marc:subfield>
         <marc:subfield code="c">Pb. : EUR 39.80, EUR 34.80 (Subskr.-Pr. bis 28.02.2007)</marc:subfield>
         <marc:subfield code="9">3-487-13264-8</marc:subfield>
      </marc:datafield>
      <marc:datafield tag="024" ind1="3" ind2=" ">
         <marc:subfield code="a">9783487132648</marc:subfield>
      </marc:datafield>
      <marc:datafield tag="035" ind1=" " ind2=" ">
         <marc:subfield code="a">(DE-627)524325898</marc:subfield>
      </marc:datafield>
      <marc:datafield tag="035" ind1=" " ind2=" ">
         <marc:subfield code="a">(DE-576)262956667</marc:subfield>
      </marc:datafield>
      <marc:datafield tag="035" ind1=" " ind2=" ">
         <marc:subfield code="a">(DE-599)DNB982981147</marc:subfield>
      </marc:datafield>
      <marc:datafield tag="035" ind1=" " ind2=" ">
         <marc:subfield code="a">(OCoLC)255465825</marc:subfield>
      </marc:datafield>
      <marc:datafield tag="035" ind1=" " ind2=" ">
         <marc:subfield code="a">(OCoLC)166213914</marc:subfield>
      </marc:datafield>
      <marc:datafield tag="035" ind1=" " ind2=" ">
         <marc:subfield code="a">(DE-604)BV022397247</marc:subfield>
      </marc:datafield>
      <marc:datafield tag="040" ind1=" " ind2=" ">
         <marc:subfield code="a">DE-576</marc:subfield>
         <marc:subfield code="b">ger</marc:subfield>
         <marc:subfield code="c">DE-576</marc:subfield>
         <marc:subfield code="e">rakwb</marc:subfield>
      </marc:datafield>
      <marc:datafield tag="041" ind1=" " ind2=" ">
         <marc:subfield code="a">eng</marc:subfield>
      </marc:datafield>
      <marc:datafield tag="044" ind1=" " ind2=" ">
         <marc:subfield code="c">XA-DE-NI</marc:subfield>
         <marc:subfield code="c">XA-CH</marc:subfield>
         <marc:subfield code="c">XD-US</marc:subfield>
      </marc:datafield>
      <marc:datafield tag="050" ind1=" " ind2="0">
         <marc:subfield code="a">GV1796.M5</marc:subfield>
      </marc:datafield>
      <marc:datafield tag="082" ind1="0" ind2=" ">
         <marc:subfield code="a">793.309</marc:subfield>
         <marc:subfield code="q">DE-101</marc:subfield>
         <marc:subfield code="2">22/ger</marc:subfield>
      </marc:datafield>
      <marc:datafield tag="082" ind1="0" ind2="4">
         <marc:subfield code="a">793</marc:subfield>
      </marc:datafield>
      <marc:datafield tag="082" ind1="0" ind2="4">
         <marc:subfield code="a">792</marc:subfield>
      </marc:datafield>
      <marc:datafield tag="084" ind1=" " ind2=" ">
         <marc:subfield code="a">LR 54060</marc:subfield>
         <marc:subfield code="2">rvk</marc:subfield>
      </marc:datafield>
      <marc:datafield tag="084" ind1=" " ind2=" ">
         <marc:subfield code="a">AP 83600</marc:subfield>
         <marc:subfield code="2">rvk</marc:subfield>
         <marc:subfield code="0">(DE-625)rvk/8021:</marc:subfield>
      </marc:datafield>
      <marc:datafield tag="084" ind1=" " ind2=" ">
         <marc:subfield code="a">24.15</marc:subfield>
         <marc:subfield code="2">bkl</marc:subfield>
      </marc:datafield>
      <marc:datafield tag="084" ind1=" " ind2=" ">
         <marc:subfield code="a">24.63</marc:subfield>
         <marc:subfield code="2">bkl</marc:subfield>
      </marc:datafield>
      <marc:datafield tag="090" ind1=" " ind2=" ">
         <marc:subfield code="a">a</marc:subfield>
      </marc:datafield>
      <marc:datafield tag="100" ind1="1" ind2=" ">
         <marc:subfield code="a">Russell, Tilden</marc:subfield>
         <marc:subfield code="0">(DE-588)133289796</marc:subfield>
         <marc:subfield code="0">(DE-627)539936219</marc:subfield>
         <marc:subfield code="0">(DE-576)262956470</marc:subfield>
         <marc:subfield code="4">aut</marc:subfield>
      </marc:datafield>
      <marc:datafield tag="245" ind1="1" ind2="4">
         <marc:subfield code="a">The Menuet de la cour</marc:subfield>
         <marc:subfield code="c">Tilden Russell; Dominique Bourassa</marc:subfield>
      </marc:datafield>
      <marc:datafield tag="264" ind1=" " ind2="1">
         <marc:subfield code="a">Hildesheim [u.a.]</marc:subfield>
         <marc:subfield code="b">Olms</marc:subfield>
         <marc:subfield code="c">2007</marc:subfield>
      </marc:datafield>
      <marc:datafield tag="300" ind1=" " ind2=" ">
         <marc:subfield code="a">XV, 211 S.</marc:subfield>
         <marc:subfield code="b">Ill., graph. Darst., Notenbeisp.</marc:subfield>
         <marc:subfield code="c">24 cm</marc:subfield>
      </marc:datafield>
      <marc:datafield tag="336" ind1=" " ind2=" ">
         <marc:subfield code="a">Text</marc:subfield>
         <marc:subfield code="b">txt</marc:subfield>
         <marc:subfield code="2">rdacontent</marc:subfield>
      </marc:datafield>
      <marc:datafield tag="337" ind1=" " ind2=" ">
         <marc:subfield code="a">ohne Hilfsmittel zu benutzen</marc:subfield>
         <marc:subfield code="b">n</marc:subfield>
         <marc:subfield code="2">rdamedia</marc:subfield>
      </marc:datafield>
      <marc:datafield tag="338" ind1=" " ind2=" ">
         <marc:subfield code="a">Band</marc:subfield>
         <marc:subfield code="b">nc</marc:subfield>
         <marc:subfield code="2">rdacarrier</marc:subfield>
      </marc:datafield>
      <marc:datafield tag="490" ind1="1" ind2=" ">
         <marc:subfield code="a">Terpsichore</marc:subfield>
         <marc:subfield code="v">4</marc:subfield>
      </marc:datafield>
      <marc:datafield tag="500" ind1=" " ind2=" ">
         <marc:subfield code="a">Literaturverz. S. 195 - 203</marc:subfield>
      </marc:datafield>
      <marc:datafield tag="591" ind1=" " ind2=" ">
         <marc:subfield code="a">5090: ddsu/sred ; IMD-Felder und 1131 maschinell ergänzt (SWB)</marc:subfield>
      </marc:datafield>
      <marc:datafield tag="650" ind1=" " ind2="4">
         <marc:subfield code="a">Minuet (Dance)</marc:subfield>
         <marc:subfield code="x">History and criticism</marc:subfield>
      </marc:datafield>
      <marc:datafield tag="650" ind1=" " ind2="4">
         <marc:subfield code="a">Minuets</marc:subfield>
         <marc:subfield code="x">History and criticism</marc:subfield>
      </marc:datafield>
      <marc:datafield tag="655" ind1=" " ind2="7">
         <marc:subfield code="a">Quelle</marc:subfield>
         <marc:subfield code="0">(DE-588)4135952-5</marc:subfield>
         <marc:subfield code="0">(DE-627)105661236</marc:subfield>
         <marc:subfield code="0">(DE-576)209665084</marc:subfield>
         <marc:subfield code="2">gnd-content</marc:subfield>
      </marc:datafield>
      <marc:datafield tag="689" ind1="0" ind2="0">
         <marc:subfield code="D">s</marc:subfield>
         <marc:subfield code="0">(DE-588)4169444-2</marc:subfield>
         <marc:subfield code="0">(DE-627)105409952</marc:subfield>
         <marc:subfield code="0">(DE-576)209922869</marc:subfield>
         <marc:subfield code="a">Menuett</marc:subfield>
         <marc:subfield code="2">gnd</marc:subfield>
      </marc:datafield>
      <marc:datafield tag="689" ind1="0" ind2="1">
         <marc:subfield code="D">s</marc:subfield>
         <marc:subfield code="0">(DE-588)4184441-5</marc:subfield>
         <marc:subfield code="0">(DE-627)104703776</marc:subfield>
         <marc:subfield code="0">(DE-576)210025689</marc:subfield>
         <marc:subfield code="a">Tanzbeschreibung</marc:subfield>
         <marc:subfield code="2">gnd</marc:subfield>
      </marc:datafield>
      <marc:datafield tag="689" ind1="0" ind2="2">
         <marc:subfield code="A">z</marc:subfield>
         <marc:subfield code="2">gnd</marc:subfield>
         <marc:subfield code="a">Geschichte 1770-1920</marc:subfield>
      </marc:datafield>
      <marc:datafield tag="689" ind1="0" ind2=" ">
         <marc:subfield code="5">DE-101</marc:subfield>
      </marc:datafield>
      <marc:datafield tag="689" ind1="1" ind2="0">
         <marc:subfield code="D">s</marc:subfield>
         <marc:subfield code="0">(DE-588)4169444-2</marc:subfield>
         <marc:subfield code="0">(DE-627)105409952</marc:subfield>
         <marc:subfield code="0">(DE-576)209922869</marc:subfield>
         <marc:subfield code="a">Menuett</marc:subfield>
         <marc:subfield code="2">gnd</marc:subfield>
      </marc:datafield>
      <marc:datafield tag="689" ind1="1" ind2="1">
         <marc:subfield code="D">s</marc:subfield>
         <marc:subfield code="0">(DE-588)4069977-8</marc:subfield>
         <marc:subfield code="0">(DE-627)106101765</marc:subfield>
         <marc:subfield code="0">(DE-576)209178825</marc:subfield>
         <marc:subfield code="a">Choreografie</marc:subfield>
         <marc:subfield code="2">gnd</marc:subfield>
      </marc:datafield>
      <marc:datafield tag="689" ind1="1" ind2="2">
         <marc:subfield code="A">z</marc:subfield>
         <marc:subfield code="2">gnd</marc:subfield>
         <marc:subfield code="a">Geschichte 1770-1920</marc:subfield>
      </marc:datafield>
      <marc:datafield tag="689" ind1="1" ind2=" ">
         <marc:subfield code="5">(DE-627)</marc:subfield>
      </marc:datafield>
      <marc:datafield tag="700" ind1="1" ind2=" ">
         <marc:subfield code="a">Bourassa, Dominique</marc:subfield>
         <marc:subfield code="0">(DE-588)13328980X</marc:subfield>
         <marc:subfield code="0">(DE-627)539936227</marc:subfield>
         <marc:subfield code="0">(DE-576)29975104X</marc:subfield>
         <marc:subfield code="4">aut</marc:subfield>
      </marc:datafield>
      <marc:datafield tag="830" ind1=" " ind2="0">
         <marc:subfield code="a">Terpsichore</marc:subfield>
         <marc:subfield code="v">4</marc:subfield>
         <marc:subfield code="9">4</marc:subfield>
         <marc:subfield code="w">(DE-627)514822732</marc:subfield>
         <marc:subfield code="w">(DE-576)061602574</marc:subfield>
         <marc:subfield code="w">(DE-600)2243779-4</marc:subfield>
         <marc:subfield code="x">1434-0771</marc:subfield>
      </marc:datafield>
      <marc:datafield tag="856" ind1="4" ind2="2">
         <marc:subfield code="u">http://d-nb.info/982981147/04</marc:subfield>
         <marc:subfield code="m">B:DE-604</marc:subfield>
         <marc:subfield code="q">application/pdf</marc:subfield>
         <marc:subfield code="v">20130501</marc:subfield>
         <marc:subfield code="x">Verlag</marc:subfield>
         <marc:subfield code="3">Inhaltsverzeichnis</marc:subfield>
      </marc:datafield>
      <marc:datafield tag="856" ind1="4" ind2="2">
         <marc:subfield code="u">http://bvbr.bib-bvb.de:8991/F?func=service&amp;doc_library=BVB01&amp;doc_number=015605965&amp;line_number=0001&amp;func_code=DB_RECORDS&amp;service_type=MEDIA</marc:subfield>
         <marc:subfield code="m">V:DE-604</marc:subfield>
         <marc:subfield code="q">application/pdf</marc:subfield>
         <marc:subfield code="v">20090731000000</marc:subfield>
         <marc:subfield code="3">Inhaltsverzeichnis</marc:subfield>
      </marc:datafield>
      <marc:datafield tag="935" ind1=" " ind2=" ">
         <marc:subfield code="i">sf</marc:subfield>
      </marc:datafield>
      <marc:datafield tag="935" ind1=" " ind2=" ">
         <marc:subfield code="i">Blocktest</marc:subfield>
      </marc:datafield>
      <marc:datafield tag="936" ind1="r" ind2="v">
         <marc:subfield code="a">LR 54060</marc:subfield>
         <marc:subfield code="b">Menuett</marc:subfield>
         <marc:subfield code="k">Musikwissenschaft</marc:subfield>
         <marc:subfield code="k">I. Musica theoretica</marc:subfield>
         <marc:subfield code="k">Sachteil: Musica theoretica (einschl. Realien mit geographischem Bezug)</marc:subfield>
         <marc:subfield code="k">Musikalische Gattungen, Formen, Termini</marc:subfield>
         <marc:subfield code="k">Einzelne Gattungen und Formen:</marc:subfield>
         <marc:subfield code="k">Gattungen und Formen M</marc:subfield>
         <marc:subfield code="k">Menuett</marc:subfield>
         <marc:subfield code="0">(DE-627)1271423545</marc:subfield>
         <marc:subfield code="0">(DE-576)201423545</marc:subfield>
      </marc:datafield>
      <marc:datafield tag="936" ind1="r" ind2="v">
         <marc:subfield code="a">AP 83600</marc:subfield>
         <marc:subfield code="b">Tanz in Mittelalter und Neuzeit</marc:subfield>
         <marc:subfield code="k">Allgemeines</marc:subfield>
         <marc:subfield code="k">Medien- und Kommunikationswissenschaften, Kommunikationsdesign</marc:subfield>
         <marc:subfield code="k">Tanz</marc:subfield>
         <marc:subfield code="k">Geschichte und Entwicklung</marc:subfield>
         <marc:subfield code="k">Tanz in Mittelalter und Neuzeit</marc:subfield>
         <marc:subfield code="0">(DE-627)1270693301</marc:subfield>
         <marc:subfield code="0">(DE-625)rvk/8021:</marc:subfield>
         <marc:subfield code="0">(DE-576)200693301</marc:subfield>
      </marc:datafield>
      <marc:datafield tag="936" ind1="b" ind2="k">
         <marc:subfield code="a">24.15</marc:subfield>
         <marc:subfield code="j">Tanzkunst</marc:subfield>
         <marc:subfield code="j">Bewegungskunst</marc:subfield>
         <marc:subfield code="0">(DE-627)10640606X</marc:subfield>
      </marc:datafield>
      <marc:datafield tag="936" ind1="b" ind2="k">
         <marc:subfield code="a">24.63</marc:subfield>
         <marc:subfield code="j">Unterhaltungsmusik</marc:subfield>
         <marc:subfield code="0">(DE-627)106405993</marc:subfield>
      </marc:datafield>
      <marc:datafield tag="951" ind1=" " ind2=" ">
         <marc:subfield code="a">BO</marc:subfield>
      </marc:datafield>
   </marc:record>