
   <marc:record>
      <marc:leader>     cam a22        4500</marc:leader>
      <marc:controlfield tag="001">254983200</marc:controlfield>
      <marc:controlfield tag="003">DE-576</marc:controlfield>
      <marc:controlfield tag="005">20210615170732.0</marc:controlfield>
      <marc:controlfield tag="007">tu</marc:controlfield>
      <marc:controlfield tag="008">060614s2006    gw |||||      00| ||ger c</marc:controlfield>
      <marc:datafield tag="015" ind1=" " ind2=" ">
         <marc:subfield code="a">06,N26,0438</marc:subfield>
         <marc:subfield code="2">dnb</marc:subfield>
      </marc:datafield>
      <marc:datafield tag="016" ind1="7" ind2=" ">
         <marc:subfield code="a">979963737</marc:subfield>
         <marc:subfield code="2">DE-101</marc:subfield>
      </marc:datafield>
      <marc:datafield tag="020" ind1=" " ind2=" ">
         <marc:subfield code="a">3899424700</marc:subfield>
         <marc:subfield code="c">Pb. : ca. EUR 20.80, sfr 36.50</marc:subfield>
         <marc:subfield code="9">3-89942-470-0</marc:subfield>
      </marc:datafield>
      <marc:datafield tag="020" ind1=" " ind2=" ">
         <marc:subfield code="a">9783899424706</marc:subfield>
         <marc:subfield code="c"> : Pb. : ca. EUR 20.80, sfr 36.50</marc:subfield>
         <marc:subfield code="9">978-3-89942-470-6</marc:subfield>
      </marc:datafield>
      <marc:datafield tag="024" ind1="3" ind2=" ">
         <marc:subfield code="a">9783899424706</marc:subfield>
      </marc:datafield>
      <marc:datafield tag="035" ind1=" " ind2=" ">
         <marc:subfield code="a">(DE-627)513290893</marc:subfield>
      </marc:datafield>
      <marc:datafield tag="035" ind1=" " ind2=" ">
         <marc:subfield code="a">(DE-576)254983200</marc:subfield>
      </marc:datafield>
      <marc:datafield tag="035" ind1=" " ind2=" ">
         <marc:subfield code="a">(DE-599)DNB979963737</marc:subfield>
      </marc:datafield>
      <marc:datafield tag="035" ind1=" " ind2=" ">
         <marc:subfield code="a">(OCoLC)180923285</marc:subfield>
      </marc:datafield>
      <marc:datafield tag="035" ind1=" " ind2=" ">
         <marc:subfield code="a">(OCoLC)214285503</marc:subfield>
      </marc:datafield>
      <marc:datafield tag="035" ind1=" " ind2=" ">
         <marc:subfield code="a">(OCoLC)180923285</marc:subfield>
      </marc:datafield>
      <marc:datafield tag="035" ind1=" " ind2=" ">
         <marc:subfield code="a">(AT-OBV)AC05387156</marc:subfield>
      </marc:datafield>
      <marc:datafield tag="035" ind1=" " ind2=" ">
         <marc:subfield code="a">(DE-604)BV021755191</marc:subfield>
      </marc:datafield>
      <marc:datafield tag="040" ind1=" " ind2=" ">
         <marc:subfield code="a">DE-576</marc:subfield>
         <marc:subfield code="b">ger</marc:subfield>
         <marc:subfield code="c">DE-576</marc:subfield>
         <marc:subfield code="e">rakwb</marc:subfield>
      </marc:datafield>
      <marc:datafield tag="041" ind1=" " ind2=" ">
         <marc:subfield code="a">ger</marc:subfield>
      </marc:datafield>
      <marc:datafield tag="044" ind1=" " ind2=" ">
         <marc:subfield code="c">XA-DE-NW</marc:subfield>
      </marc:datafield>
      <marc:datafield tag="050" ind1=" " ind2="0">
         <marc:subfield code="a">HM636</marc:subfield>
      </marc:datafield>
      <marc:datafield tag="082" ind1="0" ind2=" ">
         <marc:subfield code="a">300</marc:subfield>
         <marc:subfield code="a">796</marc:subfield>
      </marc:datafield>
      <marc:datafield tag="082" ind1="0" ind2=" ">
         <marc:subfield code="a">306.4613</marc:subfield>
         <marc:subfield code="q">Offline MPIB</marc:subfield>
      </marc:datafield>
      <marc:datafield tag="082" ind1="0" ind2=" ">
         <marc:subfield code="a">306.483</marc:subfield>
         <marc:subfield code="q">Offline MPIB</marc:subfield>
      </marc:datafield>
      <marc:datafield tag="082" ind1="0" ind2=" ">
         <marc:subfield code="a">306.4</marc:subfield>
         <marc:subfield code="q">OCLC</marc:subfield>
         <marc:subfield code="2">22/ger</marc:subfield>
      </marc:datafield>
      <marc:datafield tag="082" ind1="0" ind2="4">
         <marc:subfield code="a">300</marc:subfield>
         <marc:subfield code="a">796</marc:subfield>
      </marc:datafield>
      <marc:datafield tag="084" ind1=" " ind2=" ">
         <marc:subfield code="a">1</marc:subfield>
         <marc:subfield code="2">ssgn</marc:subfield>
      </marc:datafield>
      <marc:datafield tag="084" ind1=" " ind2=" ">
         <marc:subfield code="a">MR 6800</marc:subfield>
         <marc:subfield code="2">rvk</marc:subfield>
         <marc:subfield code="0">(DE-625)rvk/123536:</marc:subfield>
      </marc:datafield>
      <marc:datafield tag="084" ind1=" " ind2=" ">
         <marc:subfield code="a">MS 2850</marc:subfield>
         <marc:subfield code="2">rvk</marc:subfield>
         <marc:subfield code="0">(DE-625)rvk/123647:</marc:subfield>
      </marc:datafield>
      <marc:datafield tag="084" ind1=" " ind2=" ">
         <marc:subfield code="a">MS 6540</marc:subfield>
         <marc:subfield code="2">rvk</marc:subfield>
         <marc:subfield code="0">(DE-625)rvk/123759:</marc:subfield>
      </marc:datafield>
      <marc:datafield tag="084" ind1=" " ind2=" ">
         <marc:subfield code="a">ZX 7100</marc:subfield>
         <marc:subfield code="2">rvk</marc:subfield>
         <marc:subfield code="0">(DE-625)rvk/158447:14257</marc:subfield>
      </marc:datafield>
      <marc:datafield tag="084" ind1=" " ind2=" ">
         <marc:subfield code="a">AP 84100</marc:subfield>
         <marc:subfield code="2">rvk</marc:subfield>
         <marc:subfield code="0">(DE-625)rvk/8031:</marc:subfield>
      </marc:datafield>
      <marc:datafield tag="084" ind1=" " ind2=" ">
         <marc:subfield code="a">71.02</marc:subfield>
         <marc:subfield code="2">bkl</marc:subfield>
      </marc:datafield>
      <marc:datafield tag="084" ind1=" " ind2=" ">
         <marc:subfield code="a">71.05</marc:subfield>
         <marc:subfield code="2">bkl</marc:subfield>
      </marc:datafield>
      <marc:datafield tag="084" ind1=" " ind2=" ">
         <marc:subfield code="a">71.99</marc:subfield>
         <marc:subfield code="2">bkl</marc:subfield>
      </marc:datafield>
      <marc:datafield tag="084" ind1=" " ind2=" ">
         <marc:subfield code="a">76.11</marc:subfield>
         <marc:subfield code="2">bkl</marc:subfield>
      </marc:datafield>
      <marc:datafield tag="090" ind1=" " ind2=" ">
         <marc:subfield code="a">a</marc:subfield>
      </marc:datafield>
      <marc:datafield tag="245" ind1="1" ind2="0">
         <marc:subfield code="a">Body turn</marc:subfield>
         <marc:subfield code="b">Perspektiven der Soziologie des Körpers und des Sports</marc:subfield>
         <marc:subfield code="c">Robert Gugutzer (Hg.)</marc:subfield>
      </marc:datafield>
      <marc:datafield tag="264" ind1=" " ind2="1">
         <marc:subfield code="a">Bielefeld</marc:subfield>
         <marc:subfield code="b">transcript</marc:subfield>
         <marc:subfield code="c">2006</marc:subfield>
      </marc:datafield>
      <marc:datafield tag="300" ind1=" " ind2=" ">
         <marc:subfield code="a">368 S.</marc:subfield>
         <marc:subfield code="b">Ill., graph. Darst.</marc:subfield>
         <marc:subfield code="c">23 cm</marc:subfield>
      </marc:datafield>
      <marc:datafield tag="336" ind1=" " ind2=" ">
         <marc:subfield code="a">Text</marc:subfield>
         <marc:subfield code="b">txt</marc:subfield>
         <marc:subfield code="2">rdacontent</marc:subfield>
      </marc:datafield>
      <marc:datafield tag="337" ind1=" " ind2=" ">
         <marc:subfield code="a">ohne Hilfsmittel zu benutzen</marc:subfield>
         <marc:subfield code="b">n</marc:subfield>
         <marc:subfield code="2">rdamedia</marc:subfield>
      </marc:datafield>
      <marc:datafield tag="338" ind1=" " ind2=" ">
         <marc:subfield code="a">Band</marc:subfield>
         <marc:subfield code="b">nc</marc:subfield>
         <marc:subfield code="2">rdacarrier</marc:subfield>
      </marc:datafield>
      <marc:datafield tag="490" ind1="1" ind2=" ">
         <marc:subfield code="a">Materialitäten</marc:subfield>
         <marc:subfield code="v">2</marc:subfield>
      </marc:datafield>
      <marc:datafield tag="500" ind1=" " ind2=" ">
         <marc:subfield code="a">Literaturangaben</marc:subfield>
      </marc:datafield>
      <marc:datafield tag="591" ind1=" " ind2=" ">
         <marc:subfield code="a">MS 6540, ZX 7100:L1UB; 5090 ddsu,sred ; IMD-Felder und 1131 maschinell ergänzt (SWB)</marc:subfield>
      </marc:datafield>
      <marc:datafield tag="650" ind1=" " ind2="4">
         <marc:subfield code="a">Human body</marc:subfield>
         <marc:subfield code="x">Social aspects</marc:subfield>
      </marc:datafield>
      <marc:datafield tag="650" ind1=" " ind2="4">
         <marc:subfield code="a">Sports</marc:subfield>
         <marc:subfield code="x">Sociological aspects</marc:subfield>
      </marc:datafield>
      <marc:datafield tag="650" ind1=" " ind2="4">
         <marc:subfield code="a">Körper</marc:subfield>
      </marc:datafield>
      <marc:datafield tag="650" ind1=" " ind2="4">
         <marc:subfield code="a">Soziologie</marc:subfield>
      </marc:datafield>
      <marc:datafield tag="650" ind1=" " ind2="4">
         <marc:subfield code="a">Sportsoziologie</marc:subfield>
      </marc:datafield>
      <marc:datafield tag="650" ind1=" " ind2="4">
         <marc:subfield code="a">Aufsatzsammlung</marc:subfield>
      </marc:datafield>
      <marc:datafield tag="655" ind1=" " ind2="7">
         <marc:subfield code="a">Aufsatzsammlung</marc:subfield>
         <marc:subfield code="0">(DE-588)4143413-4</marc:subfield>
         <marc:subfield code="0">(DE-627)105605727</marc:subfield>
         <marc:subfield code="0">(DE-576)209726091</marc:subfield>
         <marc:subfield code="2">gnd-content</marc:subfield>
      </marc:datafield>
      <marc:datafield tag="689" ind1="0" ind2="0">
         <marc:subfield code="D">s</marc:subfield>
         <marc:subfield code="0">(DE-588)4031575-7</marc:subfield>
         <marc:subfield code="0">(DE-627)106264915</marc:subfield>
         <marc:subfield code="0">(DE-576)208993282</marc:subfield>
         <marc:subfield code="a">Körper</marc:subfield>
         <marc:subfield code="2">gnd</marc:subfield>
      </marc:datafield>
      <marc:datafield tag="689" ind1="0" ind2="1">
         <marc:subfield code="D">s</marc:subfield>
         <marc:subfield code="0">(DE-588)4077624-4</marc:subfield>
         <marc:subfield code="0">(DE-627)104152036</marc:subfield>
         <marc:subfield code="0">(DE-576)209205849</marc:subfield>
         <marc:subfield code="a">Soziologie</marc:subfield>
         <marc:subfield code="2">gnd</marc:subfield>
      </marc:datafield>
      <marc:datafield tag="689" ind1="0" ind2=" ">
         <marc:subfield code="5">DE-101</marc:subfield>
      </marc:datafield>
      <marc:datafield tag="689" ind1="1" ind2="0">
         <marc:subfield code="D">s</marc:subfield>
         <marc:subfield code="0">(DE-588)4056420-4</marc:subfield>
         <marc:subfield code="0">(DE-627)106154818</marc:subfield>
         <marc:subfield code="0">(DE-576)209117591</marc:subfield>
         <marc:subfield code="a">Sportsoziologie</marc:subfield>
         <marc:subfield code="2">gnd</marc:subfield>
      </marc:datafield>
      <marc:datafield tag="689" ind1="1" ind2=" ">
         <marc:subfield code="5">DE-101</marc:subfield>
      </marc:datafield>
      <marc:datafield tag="700" ind1="1" ind2=" ">
         <marc:subfield code="a">Gugutzer, Robert</marc:subfield>
         <marc:subfield code="d">1967-</marc:subfield>
         <marc:subfield code="e">Hrsg.</marc:subfield>
         <marc:subfield code="0">(DE-588)132451891</marc:subfield>
         <marc:subfield code="0">(DE-627)522710387</marc:subfield>
         <marc:subfield code="0">(DE-576)184611245</marc:subfield>
         <marc:subfield code="4">edt</marc:subfield>
      </marc:datafield>
      <marc:datafield tag="776" ind1="0" ind2="8">
         <marc:subfield code="i">Erscheint auch als</marc:subfield>
         <marc:subfield code="n">Online-Ausgabe</marc:subfield>
         <marc:subfield code="t">body turn</marc:subfield>
         <marc:subfield code="d">Bielefeld : transcript Verlag, 2006</marc:subfield>
         <marc:subfield code="h">Online-Ressource (368 Seiten)</marc:subfield>
         <marc:subfield code="w">(DE-627)836187326</marc:subfield>
         <marc:subfield code="z">9783839404706</marc:subfield>
      </marc:datafield>
      <marc:datafield tag="776" ind1="0" ind2="8">
         <marc:subfield code="i">Erscheint auch als</marc:subfield>
         <marc:subfield code="n">Online-Ausgabe</marc:subfield>
         <marc:subfield code="t">body turn</marc:subfield>
         <marc:subfield code="d">Bielefeld : transcript, 2015</marc:subfield>
         <marc:subfield code="h">1 Online-Ressource (368 S.)</marc:subfield>
         <marc:subfield code="w">(DE-627)1658721721</marc:subfield>
         <marc:subfield code="w">(DE-576)448699818</marc:subfield>
         <marc:subfield code="z">9783839404706</marc:subfield>
      </marc:datafield>
      <marc:datafield tag="776" ind1="0" ind2="8">
         <marc:subfield code="i">Erscheint auch als</marc:subfield>
         <marc:subfield code="n">Online-Ausgabe</marc:subfield>
         <marc:subfield code="a">Gugutzer, Robert, 1967 - </marc:subfield>
         <marc:subfield code="t">body turn</marc:subfield>
         <marc:subfield code="d">Bielefeld : transcript Verlag, 2006</marc:subfield>
         <marc:subfield code="h">1 Online-Ressource</marc:subfield>
         <marc:subfield code="w">(DE-627)877298866</marc:subfield>
         <marc:subfield code="w">(DE-576)504016288</marc:subfield>
         <marc:subfield code="z">9783839404706</marc:subfield>
      </marc:datafield>
      <marc:datafield tag="830" ind1=" " ind2="0">
         <marc:subfield code="a">Materialitäten</marc:subfield>
         <marc:subfield code="v">2</marc:subfield>
         <marc:subfield code="9">2</marc:subfield>
         <marc:subfield code="w">(DE-627)514782935</marc:subfield>
         <marc:subfield code="w">(DE-576)257503854</marc:subfield>
         <marc:subfield code="w">(DE-600)2243606-6</marc:subfield>
         <marc:subfield code="x">2703-027X</marc:subfield>
      </marc:datafield>
      <marc:datafield tag="856" ind1="4" ind2="2">
         <marc:subfield code="u">http://swbplus.bsz-bw.de/bsz254983200inh.htm</marc:subfield>
         <marc:subfield code="m">V:DE-576</marc:subfield>
         <marc:subfield code="q">application/pdf</marc:subfield>
         <marc:subfield code="3">Inhaltsverzeichnis</marc:subfield>
      </marc:datafield>
      <marc:datafield tag="856" ind1="4" ind2="2">
         <marc:subfield code="u">http://www.transcript-verlag.de/978-3-89942-470-6/body-turn</marc:subfield>
         <marc:subfield code="x">Verlag</marc:subfield>
         <marc:subfield code="y">Inhaltsbeschreibung</marc:subfield>
      </marc:datafield>
      <marc:datafield tag="935" ind1=" " ind2=" ">
         <marc:subfield code="a">mteo</marc:subfield>
      </marc:datafield>
      <marc:datafield tag="935" ind1=" " ind2=" ">
         <marc:subfield code="i">sf</marc:subfield>
      </marc:datafield>
      <marc:datafield tag="935" ind1=" " ind2=" ">
         <marc:subfield code="i">Blocktest</marc:subfield>
      </marc:datafield>
      <marc:datafield tag="936" ind1="r" ind2="v">
         <marc:subfield code="a">MR 6800</marc:subfield>
         <marc:subfield code="b">Kultur und Persönlichkeit (auch Sozial-, Nationalcharakter)</marc:subfield>
         <marc:subfield code="k">Soziologie</marc:subfield>
         <marc:subfield code="k">Sozialwissenschaftliche Theorien und Methoden</marc:subfield>
         <marc:subfield code="k">Psychologische Ansätze</marc:subfield>
         <marc:subfield code="k">Kultur und Persönlichkeit (auch Sozial-, Nationalcharakter)</marc:subfield>
         <marc:subfield code="0">(DE-627)1271428431</marc:subfield>
         <marc:subfield code="0">(DE-625)rvk/123536:</marc:subfield>
         <marc:subfield code="0">(DE-576)201428431</marc:subfield>
      </marc:datafield>
      <marc:datafield tag="936" ind1="r" ind2="v">
         <marc:subfield code="a">MS 2850</marc:subfield>
         <marc:subfield code="b">Geschlechterrolle und Sexualverhalten</marc:subfield>
         <marc:subfield code="k">Soziologie</marc:subfield>
         <marc:subfield code="k">Spezielle Soziologien</marc:subfield>
         <marc:subfield code="k">Soziologische Geschlechterforschung (Gender Studies)</marc:subfield>
         <marc:subfield code="k">Geschlechterrolle und Sexualverhalten</marc:subfield>
         <marc:subfield code="0">(DE-627)1271156059</marc:subfield>
         <marc:subfield code="0">(DE-625)rvk/123647:</marc:subfield>
         <marc:subfield code="0">(DE-576)201156059</marc:subfield>
      </marc:datafield>
      <marc:datafield tag="936" ind1="r" ind2="v">
         <marc:subfield code="a">MS 6540</marc:subfield>
         <marc:subfield code="b">Sportsoziologie</marc:subfield>
         <marc:subfield code="k">Soziologie</marc:subfield>
         <marc:subfield code="k">Spezielle Soziologien</marc:subfield>
         <marc:subfield code="k">Sportsoziologie</marc:subfield>
         <marc:subfield code="0">(DE-627)1271441446</marc:subfield>
         <marc:subfield code="0">(DE-625)rvk/123759:</marc:subfield>
         <marc:subfield code="0">(DE-576)201441446</marc:subfield>
      </marc:datafield>
      <marc:datafield tag="936" ind1="r" ind2="v">
         <marc:subfield code="a">ZX 7100</marc:subfield>
         <marc:subfield code="b">Allgemeines; Einführungen</marc:subfield>
         <marc:subfield code="k">Sport</marc:subfield>
         <marc:subfield code="k">Sportwissenschaft</marc:subfield>
         <marc:subfield code="k">Sportsoziologie</marc:subfield>
         <marc:subfield code="k">Allgemeines</marc:subfield>
         <marc:subfield code="k">Allgemeines; Einführungen</marc:subfield>
         <marc:subfield code="0">(DE-627)1271362147</marc:subfield>
         <marc:subfield code="0">(DE-625)rvk/158447:14257</marc:subfield>
         <marc:subfield code="0">(DE-576)201362147</marc:subfield>
      </marc:datafield>
      <marc:datafield tag="936" ind1="r" ind2="v">
         <marc:subfield code="a">AP 84100</marc:subfield>
         <marc:subfield code="b">Physiologie des Tanzes</marc:subfield>
         <marc:subfield code="k">Allgemeines</marc:subfield>
         <marc:subfield code="k">Medien- und Kommunikationswissenschaften, Kommunikationsdesign</marc:subfield>
         <marc:subfield code="k">Tanz</marc:subfield>
         <marc:subfield code="k">Natur und Kultur des Tanzes, Forschung</marc:subfield>
         <marc:subfield code="k">Physiologie des Tanzes</marc:subfield>
         <marc:subfield code="0">(DE-627)1270693387</marc:subfield>
         <marc:subfield code="0">(DE-625)rvk/8031:</marc:subfield>
         <marc:subfield code="0">(DE-576)200693387</marc:subfield>
      </marc:datafield>
      <marc:datafield tag="936" ind1="b" ind2="k">
         <marc:subfield code="a">71.02</marc:subfield>
         <marc:subfield code="j">Theorie der Soziologie</marc:subfield>
         <marc:subfield code="0">(DE-627)106416189</marc:subfield>
      </marc:datafield>
      <marc:datafield tag="936" ind1="b" ind2="k">
         <marc:subfield code="a">71.05</marc:subfield>
         <marc:subfield code="j">Soziologische Richtungen</marc:subfield>
         <marc:subfield code="0">(DE-627)106412523</marc:subfield>
      </marc:datafield>
      <marc:datafield tag="936" ind1="b" ind2="k">
         <marc:subfield code="a">71.99</marc:subfield>
         <marc:subfield code="j">Soziologie: Sonstiges</marc:subfield>
         <marc:subfield code="0">(DE-627)106423452</marc:subfield>
      </marc:datafield>
      <marc:datafield tag="936" ind1="b" ind2="k">
         <marc:subfield code="a">76.11</marc:subfield>
         <marc:subfield code="j">Sportsoziologie</marc:subfield>
         <marc:subfield code="j">Sportpsychologie</marc:subfield>
         <marc:subfield code="0">(DE-627)106420844</marc:subfield>
      </marc:datafield>
      <marc:datafield tag="951" ind1=" " ind2=" ">
         <marc:subfield code="a">BO</marc:subfield>
      </marc:datafield>
   </marc:record>