
   <marc:record>
      <marc:leader>     cam a22        4500</marc:leader>
      <marc:controlfield tag="001">115813624</marc:controlfield>
      <marc:controlfield tag="003">DE-576</marc:controlfield>
      <marc:controlfield tag="005">20210615170314.0</marc:controlfield>
      <marc:controlfield tag="007">tu</marc:controlfield>
      <marc:controlfield tag="008">060419s2006    gw |||||      00| ||ger c</marc:controlfield>
      <marc:datafield tag="010" ind1=" " ind2=" ">
         <marc:subfield code="a">  2006402176</marc:subfield>
      </marc:datafield>
      <marc:datafield tag="020" ind1=" " ind2=" ">
         <marc:subfield code="a">3770540301</marc:subfield>
         <marc:subfield code="9">3-7705-4030-1</marc:subfield>
      </marc:datafield>
      <marc:datafield tag="020" ind1=" " ind2=" ">
         <marc:subfield code="a">9783770540303</marc:subfield>
         <marc:subfield code="9">978-3-7705-4030-3</marc:subfield>
      </marc:datafield>
      <marc:datafield tag="020" ind1=" " ind2=" ">
         <marc:subfield code="z">3770540300</marc:subfield>
      </marc:datafield>
      <marc:datafield tag="020" ind1=" " ind2=" ">
         <marc:subfield code="z">9783770540303</marc:subfield>
      </marc:datafield>
      <marc:datafield tag="035" ind1=" " ind2=" ">
         <marc:subfield code="a">(DE-627)510567045</marc:subfield>
      </marc:datafield>
      <marc:datafield tag="035" ind1=" " ind2=" ">
         <marc:subfield code="a">(DE-576)115813624</marc:subfield>
      </marc:datafield>
      <marc:datafield tag="035" ind1=" " ind2=" ">
         <marc:subfield code="a">(DE-599)GBV510567045</marc:subfield>
      </marc:datafield>
      <marc:datafield tag="035" ind1=" " ind2=" ">
         <marc:subfield code="a">(OCoLC)181444005</marc:subfield>
      </marc:datafield>
      <marc:datafield tag="035" ind1=" " ind2=" ">
         <marc:subfield code="a">(OCoLC)64626109</marc:subfield>
      </marc:datafield>
      <marc:datafield tag="035" ind1=" " ind2=" ">
         <marc:subfield code="a">(AT-OBV)AC04533358</marc:subfield>
      </marc:datafield>
      <marc:datafield tag="040" ind1=" " ind2=" ">
         <marc:subfield code="a">DE-576</marc:subfield>
         <marc:subfield code="b">ger</marc:subfield>
         <marc:subfield code="c">DE-576</marc:subfield>
         <marc:subfield code="e">rakwb</marc:subfield>
      </marc:datafield>
      <marc:datafield tag="041" ind1=" " ind2=" ">
         <marc:subfield code="a">ger</marc:subfield>
      </marc:datafield>
      <marc:datafield tag="044" ind1=" " ind2=" ">
         <marc:subfield code="c">XA-DE-BY</marc:subfield>
      </marc:datafield>
      <marc:datafield tag="050" ind1=" " ind2="0">
         <marc:subfield code="a">BF1389.T7</marc:subfield>
      </marc:datafield>
      <marc:datafield tag="082" ind1="0" ind2="4">
         <marc:subfield code="a">700</marc:subfield>
         <marc:subfield code="a">100</marc:subfield>
      </marc:datafield>
      <marc:datafield tag="084" ind1=" " ind2=" ">
         <marc:subfield code="a">5,1</marc:subfield>
         <marc:subfield code="2">ssgn</marc:subfield>
      </marc:datafield>
      <marc:datafield tag="084" ind1=" " ind2=" ">
         <marc:subfield code="a">EC 5410</marc:subfield>
         <marc:subfield code="2">rvk</marc:subfield>
         <marc:subfield code="0">(DE-625)rvk/20606:</marc:subfield>
      </marc:datafield>
      <marc:datafield tag="084" ind1=" " ind2=" ">
         <marc:subfield code="a">CC 6900</marc:subfield>
         <marc:subfield code="q">BVB</marc:subfield>
         <marc:subfield code="2">rvk</marc:subfield>
         <marc:subfield code="0">(DE-625)rvk/17665:</marc:subfield>
      </marc:datafield>
      <marc:datafield tag="084" ind1=" " ind2=" ">
         <marc:subfield code="a">AP 13700</marc:subfield>
         <marc:subfield code="q">BVB</marc:subfield>
         <marc:subfield code="2">rvk</marc:subfield>
         <marc:subfield code="0">(DE-625)rvk/6887:</marc:subfield>
      </marc:datafield>
      <marc:datafield tag="084" ind1=" " ind2=" ">
         <marc:subfield code="a">LH 64920</marc:subfield>
         <marc:subfield code="2">rvk</marc:subfield>
         <marc:subfield code="0">(DE-625)rvk/94514:</marc:subfield>
      </marc:datafield>
      <marc:datafield tag="084" ind1=" " ind2=" ">
         <marc:subfield code="a">AP 84200</marc:subfield>
         <marc:subfield code="2">rvk</marc:subfield>
         <marc:subfield code="0">(DE-625)rvk/8033:</marc:subfield>
      </marc:datafield>
      <marc:datafield tag="084" ind1=" " ind2=" ">
         <marc:subfield code="a">17.93</marc:subfield>
         <marc:subfield code="2">bkl</marc:subfield>
      </marc:datafield>
      <marc:datafield tag="084" ind1=" " ind2=" ">
         <marc:subfield code="a">18.00</marc:subfield>
         <marc:subfield code="2">bkl</marc:subfield>
      </marc:datafield>
      <marc:datafield tag="084" ind1=" " ind2=" ">
         <marc:subfield code="a">20.23</marc:subfield>
         <marc:subfield code="2">bkl</marc:subfield>
      </marc:datafield>
      <marc:datafield tag="245" ind1="1" ind2="0">
         <marc:subfield code="a">Verklärte Körper</marc:subfield>
         <marc:subfield code="b">Ästhetiken der Transfiguration</marc:subfield>
         <marc:subfield code="c">hrsg. von Nicola Suthor und Erika Fischer-Lichte</marc:subfield>
      </marc:datafield>
      <marc:datafield tag="264" ind1=" " ind2="1">
         <marc:subfield code="a">München</marc:subfield>
         <marc:subfield code="b">Fink</marc:subfield>
         <marc:subfield code="c">2006</marc:subfield>
      </marc:datafield>
      <marc:datafield tag="300" ind1=" " ind2=" ">
         <marc:subfield code="a">281 S.</marc:subfield>
         <marc:subfield code="b">Ill.</marc:subfield>
         <marc:subfield code="c">24 cm</marc:subfield>
      </marc:datafield>
      <marc:datafield tag="336" ind1=" " ind2=" ">
         <marc:subfield code="a">Text</marc:subfield>
         <marc:subfield code="b">txt</marc:subfield>
         <marc:subfield code="2">rdacontent</marc:subfield>
      </marc:datafield>
      <marc:datafield tag="337" ind1=" " ind2=" ">
         <marc:subfield code="a">ohne Hilfsmittel zu benutzen</marc:subfield>
         <marc:subfield code="b">n</marc:subfield>
         <marc:subfield code="2">rdamedia</marc:subfield>
      </marc:datafield>
      <marc:datafield tag="338" ind1=" " ind2=" ">
         <marc:subfield code="a">Band</marc:subfield>
         <marc:subfield code="b">nc</marc:subfield>
         <marc:subfield code="2">rdacarrier</marc:subfield>
      </marc:datafield>
      <marc:datafield tag="500" ind1=" " ind2=" ">
         <marc:subfield code="a">Literaturangaben</marc:subfield>
      </marc:datafield>
      <marc:datafield tag="520" ind1=" " ind2=" ">
         <marc:subfield code="a">Transfiguration, das Aufscheinen einer anderen Realität in der gewöhnlichen Wirklichkeit, führt zu einer produktiven Spannung zwischen der gegenständlichen Plastizität des Leibes und der phantastischen Wirkung seiner Verklärung, die in diesem Band in ihren vielfältigen Ausprägungen analysiert wird. Ausgehend von der theologischen Dimension, der Verklärung Christi, wird untersucht, wie dieses Konzept in der mittelalterlichen Literatur der Mystik, den bildenden Künsten und der modernen Theaterpraxis verarbeitet wird. Die Vorstellung einer &gt;zweiten Geburt&lt; in der Kunst (wenn etwa eine Mamorbüste den Dargestellten an Lebendigkeit übertrifft), die rituelle Funktion des Opferkults (aus ethnologischer wie aus filmtheoretischer Perspektive), wie die Macht der Figurabilität, die den Sinn in der Verheißung einer sich kaum abzeichenden Form proliferieren lässt, werden im Hinblick auf die Ausbildung einer profanen ästhetischen Praxis der Transfiguration untersucht</marc:subfield>
      </marc:datafield>
      <marc:datafield tag="591" ind1=" " ind2=" ">
         <marc:subfield code="a">LH 64920:L1UB. - 2. ISBN von der Umschlagrückseite ; IMD-Felder und 1131 maschinell ergänzt (SWB)</marc:subfield>
      </marc:datafield>
      <marc:datafield tag="650" ind1=" " ind2="0">
         <marc:subfield code="a">Transfiguration (Spiritualism)</marc:subfield>
      </marc:datafield>
      <marc:datafield tag="650" ind1=" " ind2="0">
         <marc:subfield code="a">Aesthetics</marc:subfield>
      </marc:datafield>
      <marc:datafield tag="655" ind1=" " ind2="7">
         <marc:subfield code="a">Aufsatzsammlung</marc:subfield>
         <marc:subfield code="0">(DE-588)4143413-4</marc:subfield>
         <marc:subfield code="0">(DE-627)105605727</marc:subfield>
         <marc:subfield code="0">(DE-576)209726091</marc:subfield>
         <marc:subfield code="2">gnd-content</marc:subfield>
      </marc:datafield>
      <marc:datafield tag="689" ind1="0" ind2="0">
         <marc:subfield code="D">s</marc:subfield>
         <marc:subfield code="0">(DE-588)4374361-4</marc:subfield>
         <marc:subfield code="0">(DE-627)184287561</marc:subfield>
         <marc:subfield code="0">(DE-576)211767603</marc:subfield>
         <marc:subfield code="a">Leiblichkeit</marc:subfield>
         <marc:subfield code="g">Motiv</marc:subfield>
         <marc:subfield code="2">gnd</marc:subfield>
      </marc:datafield>
      <marc:datafield tag="689" ind1="0" ind2="1">
         <marc:subfield code="D">s</marc:subfield>
         <marc:subfield code="0">(DE-588)4231385-5</marc:subfield>
         <marc:subfield code="0">(DE-627)104932953</marc:subfield>
         <marc:subfield code="0">(DE-576)210355158</marc:subfield>
         <marc:subfield code="a">Idealisierung</marc:subfield>
         <marc:subfield code="2">gnd</marc:subfield>
      </marc:datafield>
      <marc:datafield tag="689" ind1="0" ind2="2">
         <marc:subfield code="D">s</marc:subfield>
         <marc:subfield code="0">(DE-588)4033422-3</marc:subfield>
         <marc:subfield code="0">(DE-627)106257315</marc:subfield>
         <marc:subfield code="0">(DE-576)209001933</marc:subfield>
         <marc:subfield code="a">Künste</marc:subfield>
         <marc:subfield code="2">gnd</marc:subfield>
      </marc:datafield>
      <marc:datafield tag="689" ind1="0" ind2="3">
         <marc:subfield code="A">z</marc:subfield>
         <marc:subfield code="2">gnd</marc:subfield>
         <marc:subfield code="a">Geschichte</marc:subfield>
      </marc:datafield>
      <marc:datafield tag="689" ind1="0" ind2=" ">
         <marc:subfield code="5">DE-101</marc:subfield>
      </marc:datafield>
      <marc:datafield tag="700" ind1="1" ind2=" ">
         <marc:subfield code="a">Suthor, Nicola</marc:subfield>
         <marc:subfield code="e">Hrsg.</marc:subfield>
         <marc:subfield code="4">edt</marc:subfield>
      </marc:datafield>
      <marc:datafield tag="700" ind1="1" ind2=" ">
         <marc:subfield code="a">Fischer-Lichte, Erika</marc:subfield>
         <marc:subfield code="d">1943-</marc:subfield>
         <marc:subfield code="e">Hrsg.</marc:subfield>
         <marc:subfield code="0">(DE-588)120962144</marc:subfield>
         <marc:subfield code="0">(DE-627)080997120</marc:subfield>
         <marc:subfield code="0">(DE-576)160950406</marc:subfield>
         <marc:subfield code="4">edt</marc:subfield>
      </marc:datafield>
      <marc:datafield tag="776" ind1="0" ind2="8">
         <marc:subfield code="i">Online-Ausg.</marc:subfield>
         <marc:subfield code="t">Verklärte Körper</marc:subfield>
         <marc:subfield code="d">München : Fink, 2006</marc:subfield>
         <marc:subfield code="h">281 S.</marc:subfield>
         <marc:subfield code="w">(DE-627)1652441301</marc:subfield>
         <marc:subfield code="w">(DE-576)383352738</marc:subfield>
      </marc:datafield>
      <marc:datafield tag="856" ind1="4" ind2="2">
         <marc:subfield code="u">http://swbplus.bsz-bw.de/bsz115813624inh.htm</marc:subfield>
         <marc:subfield code="m">V:DE-576</marc:subfield>
         <marc:subfield code="q">text/html</marc:subfield>
         <marc:subfield code="3">Inhaltsverzeichnis</marc:subfield>
      </marc:datafield>
      <marc:datafield tag="935" ind1=" " ind2=" ">
         <marc:subfield code="i">Blocktest</marc:subfield>
      </marc:datafield>
      <marc:datafield tag="936" ind1="r" ind2="v">
         <marc:subfield code="a">EC 5410</marc:subfield>
         <marc:subfield code="b">Einzelne Stoffe und Motive</marc:subfield>
         <marc:subfield code="k">Allgemeine und vergleichende Sprach- und Literaturwissenschaft. Indogermanistik. Außereuropäische Sprachen und Literaturen</marc:subfield>
         <marc:subfield code="k">Allgemeine und vergleichende Literaturwissenschaft.</marc:subfield>
         <marc:subfield code="k">Literaturgeschichte</marc:subfield>
         <marc:subfield code="k">Stoff- und Motivgeschichte</marc:subfield>
         <marc:subfield code="k">Einzelne Stoffe und Motive</marc:subfield>
         <marc:subfield code="0">(DE-627)1270710796</marc:subfield>
         <marc:subfield code="0">(DE-625)rvk/20606:</marc:subfield>
         <marc:subfield code="0">(DE-576)200710796</marc:subfield>
      </marc:datafield>
      <marc:datafield tag="936" ind1="r" ind2="v">
         <marc:subfield code="a">CC 6900</marc:subfield>
         <marc:subfield code="b">Abhandlungen zur Ästhetik und Kunstphilosophie</marc:subfield>
         <marc:subfield code="k">Philosophie</marc:subfield>
         <marc:subfield code="k">Systematische Philosophie</marc:subfield>
         <marc:subfield code="k">Ästhetik und Kunstphilosophie</marc:subfield>
         <marc:subfield code="k">Abhandlungen zur Ästhetik und Kunstphilosophie</marc:subfield>
         <marc:subfield code="0">(DE-627)1270699040</marc:subfield>
         <marc:subfield code="0">(DE-625)rvk/17665:</marc:subfield>
         <marc:subfield code="0">(DE-576)200699040</marc:subfield>
      </marc:datafield>
      <marc:datafield tag="936" ind1="r" ind2="v">
         <marc:subfield code="a">AP 13700</marc:subfield>
         <marc:subfield code="b">Semiotik (Semiologie)</marc:subfield>
         <marc:subfield code="k">Allgemeines</marc:subfield>
         <marc:subfield code="k">Medien- und Kommunikationswissenschaften, Kommunikationsdesign</marc:subfield>
         <marc:subfield code="k">Theorie und Methodik</marc:subfield>
         <marc:subfield code="k">Semiotik (Semiologie)</marc:subfield>
         <marc:subfield code="0">(DE-627)1270684310</marc:subfield>
         <marc:subfield code="0">(DE-625)rvk/6887:</marc:subfield>
         <marc:subfield code="0">(DE-576)200684310</marc:subfield>
      </marc:datafield>
      <marc:datafield tag="936" ind1="r" ind2="v">
         <marc:subfield code="a">LH 64920</marc:subfield>
         <marc:subfield code="b">21. Jahrhundert</marc:subfield>
         <marc:subfield code="k">Kunstgeschichte</marc:subfield>
         <marc:subfield code="k">Allgemeines. Allgemeine Kunstgeschichte</marc:subfield>
         <marc:subfield code="k">Allgemeine Kunstgeschichte: Quellen</marc:subfield>
         <marc:subfield code="k">Quellenschriften zur gesamten Kunstgeschichte</marc:subfield>
         <marc:subfield code="k">Gesammelte Aufsätze mehrerer Künstler bzw. Kunstschriftsteller des 19., 20. und 21. Jahrhunderts</marc:subfield>
         <marc:subfield code="k">21. Jahrhundert</marc:subfield>
         <marc:subfield code="0">(DE-627)1272704181</marc:subfield>
         <marc:subfield code="0">(DE-625)rvk/94514:</marc:subfield>
         <marc:subfield code="0">(DE-576)202704181</marc:subfield>
      </marc:datafield>
      <marc:datafield tag="936" ind1="r" ind2="v">
         <marc:subfield code="a">AP 84200</marc:subfield>
         <marc:subfield code="b">Ästhetik</marc:subfield>
         <marc:subfield code="k">Allgemeines</marc:subfield>
         <marc:subfield code="k">Medien- und Kommunikationswissenschaften, Kommunikationsdesign</marc:subfield>
         <marc:subfield code="k">Tanz</marc:subfield>
         <marc:subfield code="k">Natur und Kultur des Tanzes, Forschung</marc:subfield>
         <marc:subfield code="k">Ästhetik</marc:subfield>
         <marc:subfield code="0">(DE-627)1270693409</marc:subfield>
         <marc:subfield code="0">(DE-625)rvk/8033:</marc:subfield>
         <marc:subfield code="0">(DE-576)200693409</marc:subfield>
      </marc:datafield>
      <marc:datafield tag="936" ind1="b" ind2="k">
         <marc:subfield code="a">17.93</marc:subfield>
         <marc:subfield code="j">Literarische Stoffe</marc:subfield>
         <marc:subfield code="j">literarische Motive</marc:subfield>
         <marc:subfield code="j">literarische Themen</marc:subfield>
         <marc:subfield code="0">(DE-627)106404490</marc:subfield>
      </marc:datafield>
      <marc:datafield tag="936" ind1="b" ind2="k">
         <marc:subfield code="a">18.00</marc:subfield>
         <marc:subfield code="j">Einzelne Sprachen und Literaturen allgemein</marc:subfield>
         <marc:subfield code="0">(DE-627)106405403</marc:subfield>
      </marc:datafield>
      <marc:datafield tag="936" ind1="b" ind2="k">
         <marc:subfield code="a">20.23</marc:subfield>
         <marc:subfield code="j">Mensch</marc:subfield>
         <marc:subfield code="x">Ikonographie</marc:subfield>
         <marc:subfield code="0">(DE-627)106406337</marc:subfield>
      </marc:datafield>
      <marc:datafield tag="951" ind1=" " ind2=" ">
         <marc:subfield code="a">BO</marc:subfield>
      </marc:datafield>
   </marc:record>